[
    {
        "price": "0.46",
        "size": "5",
        "side": "buy",
        "local_timestamp": "1765450890608",
        "timestamp": "1765450890477",
        "asset_price": 130.815
    },
    {
        "price": "0.5",
        "size": "10",
        "side": "buy",
        "local_timestamp": "1765450892232",
        "timestamp": "1765450892101",
        "asset_price": 130.825
    },
    {
        "price": "0.5",
        "size": "15",
        "side": "buy",
        "local_timestamp": "1765450894735",
        "timestamp": "1765450894603",
        "asset_price": 130.835
    },
    {
        "price": "0.51",
        "size": "184.19",
        "side": "buy",
        "local_timestamp": "1765450895624",
        "timestamp": "1765450895493",
        "asset_price": 130.835
    },
    {
        "price": "0.52",
        "size": "10",
        "side": "buy",
        "local_timestamp": "1765450895653",
        "timestamp": "1765450895522",
        "asset_price": 130.835
    },
    {
        "price": "0.42",
        "size": "2.380951",
        "side": "buy",
        "local_timestamp": "1765450995613",
        "timestamp": "1765450995481",
        "asset_price": 130.785
    },
    {
        "price": "0.42",
        "size": "137.61",
        "side": "buy",
        "local_timestamp": "1765450996228",
        "timestamp": "1765450996098",
        "asset_price": 130.785
    },
    {
        "price": "0.43",
        "size": "100",
        "side": "buy",
        "local_timestamp": "1765451019014",
        "timestamp": "1765451018879",
        "asset_price": 130.785
    },
    {
        "price": "0.5",
        "size": "30",
        "side": "buy",
        "local_timestamp": "1765451021220",
        "timestamp": "1765451021089",
        "asset_price": 130.825
    },
    {
        "price": "0.46",
        "size": "5",
        "side": "sell",
        "local_timestamp": "1765451027360",
        "timestamp": "1765451027230",
        "asset_price": 130.815
    },
    {
        "price": "0.54",
        "size": "11",
        "side": "buy",
        "local_timestamp": "1765451044564",
        "timestamp": "1765451044433",
        "asset_price": 130.85500000000002
    },
    {
        "price": "0.59",
        "size": "7",
        "side": "buy",
        "local_timestamp": "1765451052804",
        "timestamp": "1765451052672",
        "asset_price": 130.875
    },
    {
        "price": "0.59",
        "size": "93",
        "side": "buy",
        "local_timestamp": "1765451059233",
        "timestamp": "1765451058379",
        "asset_price": 130.885
    },
    {
        "price": "0.61",
        "size": "8",
        "side": "sell",
        "local_timestamp": "1765451070540",
        "timestamp": "1765451070410",
        "asset_price": 130.89499999999998
    },
    {
        "price": "0.7",
        "size": "17",
        "side": "buy",
        "local_timestamp": "1765451092546",
        "timestamp": "1765451091570",
        "asset_price": 130.935
    },
    {
        "price": "0.68",
        "size": "20",
        "side": "sell",
        "local_timestamp": "1765451092549",
        "timestamp": "1765451092045",
        "asset_price": 130.935
    },
    {
        "price": "0.71",
        "size": "5",
        "side": "buy",
        "local_timestamp": "1765451092725",
        "timestamp": "1765451092595",
        "asset_price": 130.935
    },
    {
        "price": "0.77",
        "size": "434",
        "side": "buy",
        "local_timestamp": "1765451107171",
        "timestamp": "1765451107040",
        "asset_price": 130.995
    },
    {
        "price": "0.81",
        "size": "5",
        "side": "buy",
        "local_timestamp": "1765451108205",
        "timestamp": "1765451108074",
        "asset_price": 130.995
    },
    {
        "price": "0.85",
        "size": "101.176466",
        "side": "buy",
        "local_timestamp": "1765451115303",
        "timestamp": "1765451115172",
        "asset_price": 131.055
    },
    {
        "price": "0.86",
        "size": "10.348835",
        "side": "buy",
        "local_timestamp": "1765451123355",
        "timestamp": "1765451123225",
        "asset_price": 131.075
    },
    {
        "price": "0.85",
        "size": "10.35294",
        "side": "buy",
        "local_timestamp": "1765451125186",
        "timestamp": "1765451125052",
        "asset_price": 131.04500000000002
    },
    {
        "price": "0.79",
        "size": "17",
        "side": "sell",
        "local_timestamp": "1765451127684",
        "timestamp": "1765451127554",
        "asset_price": 131.005
    },
    {
        "price": "0.81",
        "size": "6.728394",
        "side": "buy",
        "local_timestamp": "1765451129104",
        "timestamp": "1765451128963",
        "asset_price": 131.015
    },
    {
        "price": "0.81",
        "size": "27",
        "side": "buy",
        "local_timestamp": "1765451129544",
        "timestamp": "1765451129413",
        "asset_price": 131.015
    },
    {
        "price": "0.81",
        "size": "24.691357",
        "side": "buy",
        "local_timestamp": "1765451141781",
        "timestamp": "1765451141651",
        "asset_price": 131.005
    },
    {
        "price": "0.84",
        "size": "34.369043",
        "side": "buy",
        "local_timestamp": "1765451241189",
        "timestamp": "1765451241059",
        "asset_price": 131.005
    },
    {
        "price": "0.87",
        "size": "102.113633",
        "side": "buy",
        "local_timestamp": "1765451292788",
        "timestamp": "1765451292663",
        "asset_price": 131.015
    },
    {
        "price": "0.86",
        "size": "74.517238",
        "side": "buy",
        "local_timestamp": "1765451308481",
        "timestamp": "1765451308280",
        "asset_price": 131.005
    },
    {
        "price": "0.84",
        "size": "8",
        "side": "sell",
        "local_timestamp": "1765451308693",
        "timestamp": "1765451308562",
        "asset_price": 131.005
    },
    {
        "price": "0.8",
        "size": "40.691357",
        "side": "buy",
        "local_timestamp": "1765451314820",
        "timestamp": "1765451314696",
        "asset_price": 130.965
    },
    {
        "price": "0.81",
        "size": "52.160489",
        "side": "buy",
        "local_timestamp": "1765451314862",
        "timestamp": "1765451314738",
        "asset_price": 130.965
    },
    {
        "price": "0.8",
        "size": "39.05",
        "side": "buy",
        "local_timestamp": "1765451327483",
        "timestamp": "1765451327358",
        "asset_price": 130.95499999999998
    },
    {
        "price": "0.8",
        "size": "5",
        "side": "buy",
        "local_timestamp": "1765451383352",
        "timestamp": "1765451383228",
        "asset_price": 130.95499999999998
    },
    {
        "price": "0.83",
        "size": "15",
        "side": "buy",
        "local_timestamp": "1765451404092",
        "timestamp": "1765451402497",
        "asset_price": 130.95499999999998
    },
    {
        "price": "0.84",
        "size": "31",
        "side": "buy",
        "local_timestamp": "1765451414992",
        "timestamp": "1765451414867",
        "asset_price": 130.975
    },
    {
        "price": "0.87",
        "size": "11.494246",
        "side": "buy",
        "local_timestamp": "1765451418608",
        "timestamp": "1765451418482",
        "asset_price": 130.975
    },
    {
        "price": "0.88",
        "size": "11.363633",
        "side": "buy",
        "local_timestamp": "1765451421983",
        "timestamp": "1765451421845",
        "asset_price": 130.975
    },
    {
        "price": "0.87",
        "size": "2.873561",
        "side": "buy",
        "local_timestamp": "1765451423599",
        "timestamp": "1765451423474",
        "asset_price": 130.975
    },
    {
        "price": "0.87",
        "size": "1.712638",
        "side": "buy",
        "local_timestamp": "1765451424747",
        "timestamp": "1765451424620",
        "asset_price": 130.975
    },
    {
        "price": "0.82",
        "size": "200",
        "side": "buy",
        "local_timestamp": "1765451455862",
        "timestamp": "1765451455737",
        "asset_price": 130.935
    },
    {
        "price": "0.82",
        "size": "121",
        "side": "buy",
        "local_timestamp": "1765451459827",
        "timestamp": "1765451459704",
        "asset_price": 130.935
    },
    {
        "price": "0.85",
        "size": "11.7647",
        "side": "buy",
        "local_timestamp": "1765451462004",
        "timestamp": "1765451461880",
        "asset_price": 130.945
    },
    {
        "price": "0.85",
        "size": "1.176466",
        "side": "buy",
        "local_timestamp": "1765451468799",
        "timestamp": "1765451468675",
        "asset_price": 130.945
    },
    {
        "price": "0.84",
        "size": "40",
        "side": "sell",
        "local_timestamp": "1765451473743",
        "timestamp": "1765451473616",
        "asset_price": 130.945
    },
    {
        "price": "0.81",
        "size": "12.345678",
        "side": "buy",
        "local_timestamp": "1765451482650",
        "timestamp": "1765451482526",
        "asset_price": 130.925
    },
    {
        "price": "0.81",
        "size": "27",
        "side": "buy",
        "local_timestamp": "1765451482788",
        "timestamp": "1765451482591",
        "asset_price": 130.925
    },
    {
        "price": "0.82",
        "size": "27",
        "side": "buy",
        "local_timestamp": "1765451488749",
        "timestamp": "1765451488625",
        "asset_price": 130.925
    },
    {
        "price": "0.9",
        "size": "5.43",
        "side": "buy",
        "local_timestamp": "1765451496090",
        "timestamp": "1765451495965",
        "asset_price": 130.95499999999998
    },
    {
        "price": "0.9",
        "size": "22",
        "side": "buy",
        "local_timestamp": "1765451505673",
        "timestamp": "1765451505549",
        "asset_price": 130.95499999999998
    },
    {
        "price": "0.9",
        "size": "12.34",
        "side": "sell",
        "local_timestamp": "1765451509076",
        "timestamp": "1765451508950",
        "asset_price": 130.965
    },
    {
        "price": "0.91",
        "size": "21.978011",
        "side": "buy",
        "local_timestamp": "1765451512405",
        "timestamp": "1765451512281",
        "asset_price": 130.965
    },
    {
        "price": "0.92",
        "size": "22",
        "side": "buy",
        "local_timestamp": "1765451514143",
        "timestamp": "1765451514019",
        "asset_price": 130.965
    },
    {
        "price": "0.92",
        "size": "16.3913",
        "side": "buy",
        "local_timestamp": "1765451515250",
        "timestamp": "1765451515127",
        "asset_price": 130.965
    },
    {
        "price": "0.92",
        "size": "5",
        "side": "buy",
        "local_timestamp": "1765451518896",
        "timestamp": "1765451518772",
        "asset_price": 130.965
    },
    {
        "price": "0.9",
        "size": "1.43333",
        "side": "buy",
        "local_timestamp": "1765451524567",
        "timestamp": "1765451522557",
        "asset_price": 130.945
    },
    {
        "price": "0.88",
        "size": "27",
        "side": "sell",
        "local_timestamp": "1765451524578",
        "timestamp": "1765451523532",
        "asset_price": 130.945
    },
    {
        "price": "0.89",
        "size": "24.66",
        "side": "buy",
        "local_timestamp": "1765451524583",
        "timestamp": "1765451523812",
        "asset_price": 130.945
    },
    {
        "price": "0.88",
        "size": "23.69",
        "side": "sell",
        "local_timestamp": "1765451524584",
        "timestamp": "1765451523987",
        "asset_price": 130.945
    },
    {
        "price": "0.9",
        "size": "10",
        "side": "buy",
        "local_timestamp": "1765451525462",
        "timestamp": "1765451525339",
        "asset_price": 130.945
    },
    {
        "price": "0.9",
        "size": "27",
        "side": "buy",
        "local_timestamp": "1765451525622",
        "timestamp": "1765451525498",
        "asset_price": 130.945
    },
    {
        "price": "0.87",
        "size": "9.206892",
        "side": "buy",
        "local_timestamp": "1765451526906",
        "timestamp": "1765451526782",
        "asset_price": 130.925
    },
    {
        "price": "0.84",
        "size": "27",
        "side": "buy",
        "local_timestamp": "1765451528682",
        "timestamp": "1765451528557",
        "asset_price": 130.925
    },
    {
        "price": "0.85",
        "size": "26.52",
        "side": "buy",
        "local_timestamp": "1765451530473",
        "timestamp": "1765451530347",
        "asset_price": 130.905
    },
    {
        "price": "0.82",
        "size": "27",
        "side": "buy",
        "local_timestamp": "1765451533787",
        "timestamp": "1765451533663",
        "asset_price": 130.905
    },
    {
        "price": "0.83",
        "size": "59.710841",
        "side": "buy",
        "local_timestamp": "1765451534085",
        "timestamp": "1765451533955",
        "asset_price": 130.905
    },
    {
        "price": "0.82",
        "size": "27",
        "side": "buy",
        "local_timestamp": "1765451534388",
        "timestamp": "1765451534262",
        "asset_price": 130.905
    },
    {
        "price": "0.83",
        "size": "3.614452",
        "side": "buy",
        "local_timestamp": "1765451540343",
        "timestamp": "1765451540216",
        "asset_price": 130.905
    },
    {
        "price": "0.86",
        "size": "26.52",
        "side": "buy",
        "local_timestamp": "1765451548751",
        "timestamp": "1765451548627",
        "asset_price": 130.935
    },
    {
        "price": "0.87",
        "size": "23.051492",
        "side": "buy",
        "local_timestamp": "1765451549112",
        "timestamp": "1765451548987",
        "asset_price": 130.935
    },
    {
        "price": "0.86",
        "size": "6",
        "side": "sell",
        "local_timestamp": "1765451559213",
        "timestamp": "1765451559089",
        "asset_price": 130.935
    },
    {
        "price": "0.89",
        "size": "30",
        "side": "buy",
        "local_timestamp": "1765451561447",
        "timestamp": "1765451561321",
        "asset_price": 130.935
    },
    {
        "price": "0.9",
        "size": "73",
        "side": "buy",
        "local_timestamp": "1765451563674",
        "timestamp": "1765451563549",
        "asset_price": 130.935
    },
    {
        "price": "0.9",
        "size": "10",
        "side": "sell",
        "local_timestamp": "1765451567343",
        "timestamp": "1765451566184",
        "asset_price": 130.945
    },
    {
        "price": "0.9",
        "size": "14.66",
        "side": "sell",
        "local_timestamp": "1765451567343",
        "timestamp": "1765451566191",
        "asset_price": 130.945
    },
    {
        "price": "0.91",
        "size": "0.84",
        "side": "sell",
        "local_timestamp": "1765451574617",
        "timestamp": "1765451574492",
        "asset_price": 130.945
    },
    {
        "price": "0.94",
        "size": "1.063816",
        "side": "buy",
        "local_timestamp": "1765451583508",
        "timestamp": "1765451583381",
        "asset_price": 130.945
    },
    {
        "price": "0.92",
        "size": "1.08695",
        "side": "buy",
        "local_timestamp": "1765451585912",
        "timestamp": "1765451585786",
        "asset_price": 130.935
    },
    {
        "price": "0.9",
        "size": "27",
        "side": "sell",
        "local_timestamp": "1765451586384",
        "timestamp": "1765451586260",
        "asset_price": 130.935
    },
    {
        "price": "0.9",
        "size": "0.84",
        "side": "sell",
        "local_timestamp": "1765451586530",
        "timestamp": "1765451586403",
        "asset_price": 130.935
    },
    {
        "price": "0.91",
        "size": "21.978011",
        "side": "buy",
        "local_timestamp": "1765451586713",
        "timestamp": "1765451586586",
        "asset_price": 130.935
    },
    {
        "price": "0.9",
        "size": "24.66",
        "side": "buy",
        "local_timestamp": "1765451587964",
        "timestamp": "1765451587840",
        "asset_price": 130.925
    },
    {
        "price": "0.88",
        "size": "5",
        "side": "buy",
        "local_timestamp": "1765451589356",
        "timestamp": "1765451589230",
        "asset_price": 130.925
    },
    {
        "price": "0.88",
        "size": "27.84",
        "side": "buy",
        "local_timestamp": "1765451590178",
        "timestamp": "1765451590054",
        "asset_price": 130.925
    },
    {
        "price": "0.86",
        "size": "20",
        "side": "sell",
        "local_timestamp": "1765451591343",
        "timestamp": "1765451591216",
        "asset_price": 130.89499999999998
    },
    {
        "price": "0.8",
        "size": "27.3",
        "side": "buy",
        "local_timestamp": "1765451595433",
        "timestamp": "1765451594579",
        "asset_price": 130.89499999999998
    },
    {
        "price": "0.8",
        "size": "37.4625",
        "side": "buy",
        "local_timestamp": "1765451595437",
        "timestamp": "1765451595164",
        "asset_price": 130.89499999999998
    },
    {
        "price": "0.8",
        "size": "0.35",
        "side": "buy",
        "local_timestamp": "1765451595580",
        "timestamp": "1765451595456",
        "asset_price": 130.89499999999998
    },
    {
        "price": "0.81",
        "size": "27",
        "side": "buy",
        "local_timestamp": "1765451598748",
        "timestamp": "1765451598624",
        "asset_price": 130.89499999999998
    },
    {
        "price": "0.81",
        "size": "24.658533",
        "side": "buy",
        "local_timestamp": "1765451598817",
        "timestamp": "1765451598693",
        "asset_price": 130.89499999999998
    },
    {
        "price": "0.88",
        "size": "12.3",
        "side": "buy",
        "local_timestamp": "1765451605285",
        "timestamp": "1765451605161",
        "asset_price": 130.905
    },
    {
        "price": "0.88",
        "size": "20",
        "side": "sell",
        "local_timestamp": "1765451608863",
        "timestamp": "1765451608739",
        "asset_price": 130.915
    },
    {
        "price": "0.89",
        "size": "50",
        "side": "buy",
        "local_timestamp": "1765451608975",
        "timestamp": "1765451608851",
        "asset_price": 130.925
    },
    {
        "price": "0.96",
        "size": "41.66665",
        "side": "buy",
        "local_timestamp": "1765451615387",
        "timestamp": "1765451615262",
        "asset_price": 130.925
    },
    {
        "price": "0.94",
        "size": "11.76",
        "side": "sell",
        "local_timestamp": "1765451616595",
        "timestamp": "1765451616281",
        "asset_price": 130.925
    },
    {
        "price": "0.97",
        "size": "10",
        "side": "buy",
        "local_timestamp": "1765451619951",
        "timestamp": "1765451618152",
        "asset_price": 130.925
    },
    {
        "price": "0.97",
        "size": "5.09",
        "side": "buy",
        "local_timestamp": "1765451619953",
        "timestamp": "1765451618671",
        "asset_price": 130.925
    },
    {
        "price": "0.97",
        "size": "103.092766",
        "side": "buy",
        "local_timestamp": "1765451620920",
        "timestamp": "1765451620796",
        "asset_price": 130.925
    },
    {
        "price": "0.97",
        "size": "54.412366",
        "side": "buy",
        "local_timestamp": "1765451621927",
        "timestamp": "1765451621800",
        "asset_price": 130.925
    },
    {
        "price": "0.96",
        "size": "27",
        "side": "sell",
        "local_timestamp": "1765451627763",
        "timestamp": "1765451627639",
        "asset_price": 130.925
    },
    {
        "price": "0.96",
        "size": "33.84",
        "side": "sell",
        "local_timestamp": "1765451628072",
        "timestamp": "1765451627948",
        "asset_price": 130.925
    },
    {
        "price": "0.96",
        "size": "21",
        "side": "buy",
        "local_timestamp": "1765451628224",
        "timestamp": "1765451628100",
        "asset_price": 130.925
    },
    {
        "price": "0.97",
        "size": "1.0309",
        "side": "buy",
        "local_timestamp": "1765451633514",
        "timestamp": "1765451633387",
        "asset_price": 130.935
    },
    {
        "price": "0.97",
        "size": "10.309266",
        "side": "buy",
        "local_timestamp": "1765451634784",
        "timestamp": "1765451634660",
        "asset_price": 130.935
    },
    {
        "price": "0.97",
        "size": "1.0309",
        "side": "buy",
        "local_timestamp": "1765451635090",
        "timestamp": "1765451634967",
        "asset_price": 130.935
    },
    {
        "price": "0.97",
        "size": "1.0309",
        "side": "buy",
        "local_timestamp": "1765451638382",
        "timestamp": "1765451638258",
        "asset_price": 130.935
    },
    {
        "price": "0.94",
        "size": "1.5",
        "side": "buy",
        "local_timestamp": "1765451643904",
        "timestamp": "1765451641218",
        "asset_price": 130.925
    },
    {
        "price": "0.95",
        "size": "20",
        "side": "buy",
        "local_timestamp": "1765451643986",
        "timestamp": "1765451643861",
        "asset_price": 130.925
    },
    {
        "price": "0.97",
        "size": "50",
        "side": "buy",
        "local_timestamp": "1765451654505",
        "timestamp": "1765451654381",
        "asset_price": 130.915
    },
    {
        "price": "0.97",
        "size": "6.185566",
        "side": "buy",
        "local_timestamp": "1765451654766",
        "timestamp": "1765451654642",
        "asset_price": 130.89499999999998
    },
    {
        "price": "0.96",
        "size": "23.1",
        "side": "buy",
        "local_timestamp": "1765451655387",
        "timestamp": "1765451655256",
        "asset_price": 130.89499999999998
    },
    {
        "price": "0.95",
        "size": "2.10526",
        "side": "buy",
        "local_timestamp": "1765451664493",
        "timestamp": "1765451664370",
        "asset_price": 130.905
    },
    {
        "price": "0.96",
        "size": "2.083325",
        "side": "buy",
        "local_timestamp": "1765451668664",
        "timestamp": "1765451666935",
        "asset_price": 130.905
    },
    {
        "price": "0.97",
        "size": "2.061833",
        "side": "buy",
        "local_timestamp": "1765451669699",
        "timestamp": "1765451669574",
        "asset_price": 130.905
    },
    {
        "price": "0.97",
        "size": "50",
        "side": "buy",
        "local_timestamp": "1765451670951",
        "timestamp": "1765451670827",
        "asset_price": 130.905
    },
    {
        "price": "0.97",
        "size": "1.0309",
        "side": "buy",
        "local_timestamp": "1765451672410",
        "timestamp": "1765451671530",
        "asset_price": 130.905
    },
    {
        "price": "0.97",
        "size": "2.061833",
        "side": "buy",
        "local_timestamp": "1765451672413",
        "timestamp": "1765451672159",
        "asset_price": 130.905
    },
    {
        "price": "0.96",
        "size": "31.25",
        "side": "buy",
        "local_timestamp": "1765451674766",
        "timestamp": "1765451674642",
        "asset_price": 130.905
    },
    {
        "price": "0.97",
        "size": "50",
        "side": "buy",
        "local_timestamp": "1765451676086",
        "timestamp": "1765451675962",
        "asset_price": 130.905
    },
    {
        "price": "0.98",
        "size": "5.102",
        "side": "buy",
        "local_timestamp": "1765451676785",
        "timestamp": "1765451676661",
        "asset_price": 130.905
    },
    {
        "price": "0.98",
        "size": "9.97955",
        "side": "buy",
        "local_timestamp": "1765451677690",
        "timestamp": "1765451677564",
        "asset_price": 130.905
    },
    {
        "price": "0.98",
        "size": "5.051",
        "side": "buy",
        "local_timestamp": "1765451678982",
        "timestamp": "1765451678856",
        "asset_price": 130.905
    },
    {
        "price": "0.98",
        "size": "5.05",
        "side": "buy",
        "local_timestamp": "1765451679491",
        "timestamp": "1765451679368",
        "asset_price": 130.905
    },
    {
        "price": "0.98",
        "size": "5.102",
        "side": "buy",
        "local_timestamp": "1765451680932",
        "timestamp": "1765451680799",
        "asset_price": 130.905
    },
    {
        "price": "0.98",
        "size": "8.16325",
        "side": "buy",
        "local_timestamp": "1765451680932",
        "timestamp": "1765451680802",
        "asset_price": 130.905
    },
    {
        "price": "0.98",
        "size": "6.65305",
        "side": "buy",
        "local_timestamp": "1765451680989",
        "timestamp": "1765451680865",
        "asset_price": 130.905
    },
    {
        "price": "0.98",
        "size": "50",
        "side": "buy",
        "local_timestamp": "1765451681407",
        "timestamp": "1765451681283",
        "asset_price": 130.905
    },
    {
        "price": "0.98",
        "size": "1.0204",
        "side": "buy",
        "local_timestamp": "1765451681864",
        "timestamp": "1765451681740",
        "asset_price": 130.905
    },
    {
        "price": "0.98",
        "size": "1.0204",
        "side": "buy",
        "local_timestamp": "1765451681869",
        "timestamp": "1765451681745",
        "asset_price": 130.905
    },
    {
        "price": "0.98",
        "size": "20.40815",
        "side": "buy",
        "local_timestamp": "1765451682528",
        "timestamp": "1765451682396",
        "asset_price": 130.905
    },
    {
        "price": "0.98",
        "size": "5",
        "side": "buy",
        "local_timestamp": "1765451684211",
        "timestamp": "1765451683752",
        "asset_price": 130.905
    },
    {
        "price": "0.98",
        "size": "40",
        "side": "buy",
        "local_timestamp": "1765451684522",
        "timestamp": "1765451684398",
        "asset_price": 130.905
    },
    {
        "price": "0.98",
        "size": "30.6122",
        "side": "buy",
        "local_timestamp": "1765451690144",
        "timestamp": "1765451690020",
        "asset_price": 130.905
    },
    {
        "price": "0.98",
        "size": "1.5",
        "side": "sell",
        "local_timestamp": "1765451690814",
        "timestamp": "1765451690690",
        "asset_price": 130.905
    },
    {
        "price": "0.99",
        "size": "101",
        "side": "buy",
        "local_timestamp": "1765451690893",
        "timestamp": "1765451690769",
        "asset_price": 130.905
    },
    {
        "price": "0.99",
        "size": "638.5",
        "side": "buy",
        "local_timestamp": "1765451690962",
        "timestamp": "1765451690838",
        "asset_price": 130.905
    },
    {
        "price": "0.99",
        "size": "4.88",
        "side": "sell",
        "local_timestamp": "1765451692484",
        "timestamp": "1765451692360",
        "asset_price": 130.905
    }
]