[
    {
        "price": "0.39",
        "size": "12.5",
        "side": "buy",
        "local_timestamp": "1765450875522",
        "timestamp": "1765450875392",
        "asset_price": 2.0153499999999998
    },
    {
        "price": "0.47",
        "size": "484",
        "side": "buy",
        "local_timestamp": "1765450894771",
        "timestamp": "1765450894638",
        "asset_price": 2.01565
    },
    {
        "price": "0.37",
        "size": "20",
        "side": "buy",
        "local_timestamp": "1765450917838",
        "timestamp": "1765450917708",
        "asset_price": 2.01515
    },
    {
        "price": "0.37",
        "size": "10",
        "side": "sell",
        "local_timestamp": "1765450918052",
        "timestamp": "1765450917921",
        "asset_price": 2.01515
    },
    {
        "price": "0.34",
        "size": "5",
        "side": "buy",
        "local_timestamp": "1765450923636",
        "timestamp": "1765450923501",
        "asset_price": 2.01485
    },
    {
        "price": "0.33",
        "size": "10",
        "side": "sell",
        "local_timestamp": "1765450924965",
        "timestamp": "1765450924832",
        "asset_price": 2.01485
    },
    {
        "price": "0.34",
        "size": "30",
        "side": "buy",
        "local_timestamp": "1765450959940",
        "timestamp": "1765450959809",
        "asset_price": 2.0147500000000003
    },
    {
        "price": "0.33",
        "size": "28.848483",
        "side": "buy",
        "local_timestamp": "1765450975019",
        "timestamp": "1765450974889",
        "asset_price": 2.0147500000000003
    },
    {
        "price": "0.33",
        "size": "5",
        "side": "buy",
        "local_timestamp": "1765450976526",
        "timestamp": "1765450976395",
        "asset_price": 2.0147500000000003
    },
    {
        "price": "0.34",
        "size": "7",
        "side": "sell",
        "local_timestamp": "1765450983484",
        "timestamp": "1765450983354",
        "asset_price": 2.01495
    },
    {
        "price": "0.41",
        "size": "2.439023",
        "side": "buy",
        "local_timestamp": "1765451027219",
        "timestamp": "1765451027086",
        "asset_price": 2.01545
    },
    {
        "price": "0.42",
        "size": "20",
        "side": "sell",
        "local_timestamp": "1765451042313",
        "timestamp": "1765451042183",
        "asset_price": 2.01555
    },
    {
        "price": "0.44",
        "size": "454",
        "side": "buy",
        "local_timestamp": "1765451042752",
        "timestamp": "1765451042621",
        "asset_price": 2.01555
    },
    {
        "price": "0.49",
        "size": "40",
        "side": "buy",
        "local_timestamp": "1765451046593",
        "timestamp": "1765451046462",
        "asset_price": 2.0157499999999997
    },
    {
        "price": "0.49",
        "size": "20",
        "side": "sell",
        "local_timestamp": "1765451048655",
        "timestamp": "1765451048525",
        "asset_price": 2.01585
    },
    {
        "price": "0.5",
        "size": "131",
        "side": "buy",
        "local_timestamp": "1765451088238",
        "timestamp": "1765451088104",
        "asset_price": 2.01585
    },
    {
        "price": "0.49",
        "size": "30",
        "side": "sell",
        "local_timestamp": "1765451088427",
        "timestamp": "1765451088296",
        "asset_price": 2.01585
    },
    {
        "price": "0.51",
        "size": "310.19",
        "side": "buy",
        "local_timestamp": "1765451092549",
        "timestamp": "1765451092147",
        "asset_price": 2.01585
    },
    {
        "price": "0.59",
        "size": "84.271185",
        "side": "buy",
        "local_timestamp": "1765451092590",
        "timestamp": "1765451092453",
        "asset_price": 2.01655
    },
    {
        "price": "0.65",
        "size": "6",
        "side": "sell",
        "local_timestamp": "1765451125150",
        "timestamp": "1765451125020",
        "asset_price": 2.01715
    },
    {
        "price": "0.57",
        "size": "20",
        "side": "sell",
        "local_timestamp": "1765451138625",
        "timestamp": "1765451138494",
        "asset_price": 2.01675
    },
    {
        "price": "0.55",
        "size": "40",
        "side": "buy",
        "local_timestamp": "1765451141121",
        "timestamp": "1765451140991",
        "asset_price": 2.01655
    },
    {
        "price": "0.54",
        "size": "12",
        "side": "sell",
        "local_timestamp": "1765451142724",
        "timestamp": "1765451142590",
        "asset_price": 2.01645
    },
    {
        "price": "0.54",
        "size": "1.888886",
        "side": "buy",
        "local_timestamp": "1765451149849",
        "timestamp": "1765451149719",
        "asset_price": 2.01645
    },
    {
        "price": "0.52",
        "size": "3.846152",
        "side": "buy",
        "local_timestamp": "1765451160943",
        "timestamp": "1765451160813",
        "asset_price": 2.0162500000000003
    },
    {
        "price": "0.48",
        "size": "4.166665",
        "side": "buy",
        "local_timestamp": "1765451170870",
        "timestamp": "1765451170736",
        "asset_price": 2.01605
    },
    {
        "price": "0.49",
        "size": "100",
        "side": "buy",
        "local_timestamp": "1765451194666",
        "timestamp": "1765451194536",
        "asset_price": 2.0161499999999997
    },
    {
        "price": "0.46",
        "size": "5",
        "side": "sell",
        "local_timestamp": "1765451198791",
        "timestamp": "1765451198661",
        "asset_price": 2.0157499999999997
    },
    {
        "price": "0.4",
        "size": "9",
        "side": "sell",
        "local_timestamp": "1765451203510",
        "timestamp": "1765451203039",
        "asset_price": 2.0157499999999997
    },
    {
        "price": "0.57",
        "size": "20",
        "side": "sell",
        "local_timestamp": "1765451233669",
        "timestamp": "1765451233539",
        "asset_price": 2.01635
    },
    {
        "price": "0.57",
        "size": "20",
        "side": "sell",
        "local_timestamp": "1765451234015",
        "timestamp": "1765451233884",
        "asset_price": 2.01635
    },
    {
        "price": "0.57",
        "size": "28",
        "side": "sell",
        "local_timestamp": "1765451234323",
        "timestamp": "1765451234192",
        "asset_price": 2.01635
    },
    {
        "price": "0.57",
        "size": "10",
        "side": "sell",
        "local_timestamp": "1765451253133",
        "timestamp": "1765451253002",
        "asset_price": 2.01635
    },
    {
        "price": "0.62",
        "size": "6.45161",
        "side": "buy",
        "local_timestamp": "1765451263772",
        "timestamp": "1765451263642",
        "asset_price": 2.0166500000000003
    },
    {
        "price": "0.6",
        "size": "20",
        "side": "buy",
        "local_timestamp": "1765451276733",
        "timestamp": "1765451276079",
        "asset_price": 2.0166500000000003
    },
    {
        "price": "0.68",
        "size": "40",
        "side": "buy",
        "local_timestamp": "1765451281776",
        "timestamp": "1765451281652",
        "asset_price": 2.0170500000000002
    },
    {
        "price": "0.7",
        "size": "394",
        "side": "buy",
        "local_timestamp": "1765451282498",
        "timestamp": "1765451282374",
        "asset_price": 2.0170500000000002
    },
    {
        "price": "0.65",
        "size": "30",
        "side": "sell",
        "local_timestamp": "1765451290892",
        "timestamp": "1765451290768",
        "asset_price": 2.0170500000000002
    },
    {
        "price": "0.65",
        "size": "30",
        "side": "sell",
        "local_timestamp": "1765451291403",
        "timestamp": "1765451291279",
        "asset_price": 2.0170500000000002
    },
    {
        "price": "0.65",
        "size": "1.53846",
        "side": "buy",
        "local_timestamp": "1765451308513",
        "timestamp": "1765451308389",
        "asset_price": 2.01675
    },
    {
        "price": "0.6",
        "size": "20",
        "side": "buy",
        "local_timestamp": "1765451311173",
        "timestamp": "1765451311046",
        "asset_price": 2.01675
    },
    {
        "price": "0.6",
        "size": "82",
        "side": "buy",
        "local_timestamp": "1765451311174",
        "timestamp": "1765451311048",
        "asset_price": 2.01675
    },
    {
        "price": "0.56",
        "size": "131",
        "side": "buy",
        "local_timestamp": "1765451314251",
        "timestamp": "1765451314127",
        "asset_price": 2.01645
    },
    {
        "price": "0.55",
        "size": "10",
        "side": "sell",
        "local_timestamp": "1765451316240",
        "timestamp": "1765451316116",
        "asset_price": 2.01645
    },
    {
        "price": "0.55",
        "size": "10",
        "side": "sell",
        "local_timestamp": "1765451316781",
        "timestamp": "1765451316657",
        "asset_price": 2.01645
    },
    {
        "price": "0.57",
        "size": "30",
        "side": "sell",
        "local_timestamp": "1765451333033",
        "timestamp": "1765451332907",
        "asset_price": 2.01645
    },
    {
        "price": "0.6",
        "size": "448",
        "side": "buy",
        "local_timestamp": "1765451351529",
        "timestamp": "1765451351405",
        "asset_price": 2.01645
    },
    {
        "price": "0.56",
        "size": "20",
        "side": "buy",
        "local_timestamp": "1765451365444",
        "timestamp": "1765451365319",
        "asset_price": 2.01645
    },
    {
        "price": "0.56",
        "size": "20",
        "side": "buy",
        "local_timestamp": "1765451365735",
        "timestamp": "1765451365611",
        "asset_price": 2.01645
    },
    {
        "price": "0.58",
        "size": "20",
        "side": "sell",
        "local_timestamp": "1765451368713",
        "timestamp": "1765451368589",
        "asset_price": 2.01645
    },
    {
        "price": "0.58",
        "size": "20",
        "side": "sell",
        "local_timestamp": "1765451371047",
        "timestamp": "1765451369066",
        "asset_price": 2.01645
    },
    {
        "price": "0.58",
        "size": "20",
        "side": "sell",
        "local_timestamp": "1765451371048",
        "timestamp": "1765451369391",
        "asset_price": 2.01645
    },
    {
        "price": "0.58",
        "size": "8",
        "side": "sell",
        "local_timestamp": "1765451375113",
        "timestamp": "1765451374988",
        "asset_price": 2.01645
    },
    {
        "price": "0.59",
        "size": "20",
        "side": "buy",
        "local_timestamp": "1765451375464",
        "timestamp": "1765451375340",
        "asset_price": 2.01645
    },
    {
        "price": "0.59",
        "size": "20",
        "side": "buy",
        "local_timestamp": "1765451375791",
        "timestamp": "1765451375665",
        "asset_price": 2.01645
    },
    {
        "price": "0.59",
        "size": "20",
        "side": "buy",
        "local_timestamp": "1765451382941",
        "timestamp": "1765451382816",
        "asset_price": 2.01645
    },
    {
        "price": "0.6",
        "size": "131",
        "side": "buy",
        "local_timestamp": "1765451385227",
        "timestamp": "1765451385103",
        "asset_price": 2.01645
    },
    {
        "price": "0.61",
        "size": "131",
        "side": "buy",
        "local_timestamp": "1765451385248",
        "timestamp": "1765451385123",
        "asset_price": 2.01645
    },
    {
        "price": "0.59",
        "size": "6",
        "side": "sell",
        "local_timestamp": "1765451387471",
        "timestamp": "1765451387347",
        "asset_price": 2.01645
    },
    {
        "price": "0.6",
        "size": "20",
        "side": "buy",
        "local_timestamp": "1765451389283",
        "timestamp": "1765451389160",
        "asset_price": 2.01645
    },
    {
        "price": "0.61",
        "size": "28",
        "side": "buy",
        "local_timestamp": "1765451389966",
        "timestamp": "1765451389508",
        "asset_price": 2.01645
    },
    {
        "price": "0.61",
        "size": "1.639343",
        "side": "buy",
        "local_timestamp": "1765451392995",
        "timestamp": "1765451392870",
        "asset_price": 2.01645
    },
    {
        "price": "0.62",
        "size": "131",
        "side": "buy",
        "local_timestamp": "1765451393749",
        "timestamp": "1765451393625",
        "asset_price": 2.01645
    },
    {
        "price": "0.61",
        "size": "6",
        "side": "sell",
        "local_timestamp": "1765451393796",
        "timestamp": "1765451393672",
        "asset_price": 2.01645
    },
    {
        "price": "0.61",
        "size": "20",
        "side": "sell",
        "local_timestamp": "1765451394299",
        "timestamp": "1765451394175",
        "asset_price": 2.01645
    },
    {
        "price": "0.63",
        "size": "14",
        "side": "buy",
        "local_timestamp": "1765451396187",
        "timestamp": "1765451396063",
        "asset_price": 2.01655
    },
    {
        "price": "0.65",
        "size": "44",
        "side": "buy",
        "local_timestamp": "1765451396557",
        "timestamp": "1765451396189",
        "asset_price": 2.01655
    },
    {
        "price": "0.65",
        "size": "20.307691",
        "side": "buy",
        "local_timestamp": "1765451398360",
        "timestamp": "1765451398236",
        "asset_price": 2.01655
    },
    {
        "price": "0.65",
        "size": "28.430768",
        "side": "buy",
        "local_timestamp": "1765451398740",
        "timestamp": "1765451398615",
        "asset_price": 2.01655
    },
    {
        "price": "0.64",
        "size": "1.5625",
        "side": "buy",
        "local_timestamp": "1765451404094",
        "timestamp": "1765451402989",
        "asset_price": 2.01655
    },
    {
        "price": "0.64",
        "size": "15",
        "side": "buy",
        "local_timestamp": "1765451406416",
        "timestamp": "1765451406292",
        "asset_price": 2.01655
    },
    {
        "price": "0.64",
        "size": "20",
        "side": "buy",
        "local_timestamp": "1765451408150",
        "timestamp": "1765451408025",
        "asset_price": 2.01655
    },
    {
        "price": "0.64",
        "size": "20",
        "side": "buy",
        "local_timestamp": "1765451408442",
        "timestamp": "1765451408316",
        "asset_price": 2.01655
    },
    {
        "price": "0.65",
        "size": "1.53846",
        "side": "buy",
        "local_timestamp": "1765451412409",
        "timestamp": "1765451412284",
        "asset_price": 2.01655
    },
    {
        "price": "0.68",
        "size": "5",
        "side": "buy",
        "local_timestamp": "1765451420977",
        "timestamp": "1765451420852",
        "asset_price": 2.01695
    },
    {
        "price": "0.76",
        "size": "64.792204",
        "side": "buy",
        "local_timestamp": "1765451421343",
        "timestamp": "1765451421213",
        "asset_price": 2.01695
    },
    {
        "price": "0.77",
        "size": "86.2",
        "side": "buy",
        "local_timestamp": "1765451421348",
        "timestamp": "1765451421223",
        "asset_price": 2.01695
    },
    {
        "price": "0.77",
        "size": "5",
        "side": "buy",
        "local_timestamp": "1765451422114",
        "timestamp": "1765451421977",
        "asset_price": 2.01695
    },
    {
        "price": "0.78",
        "size": "150",
        "side": "buy",
        "local_timestamp": "1765451422876",
        "timestamp": "1765451422751",
        "asset_price": 2.0170500000000002
    },
    {
        "price": "0.76",
        "size": "44",
        "side": "sell",
        "local_timestamp": "1765451422963",
        "timestamp": "1765451422840",
        "asset_price": 2.0170500000000002
    },
    {
        "price": "0.78",
        "size": "328",
        "side": "buy",
        "local_timestamp": "1765451422981",
        "timestamp": "1765451422855",
        "asset_price": 2.0170500000000002
    },
    {
        "price": "0.77",
        "size": "20",
        "side": "sell",
        "local_timestamp": "1765451429965",
        "timestamp": "1765451429841",
        "asset_price": 2.0170500000000002
    },
    {
        "price": "0.77",
        "size": "6.58",
        "side": "sell",
        "local_timestamp": "1765451430196",
        "timestamp": "1765451430069",
        "asset_price": 2.0170500000000002
    },
    {
        "price": "0.76",
        "size": "28.2",
        "side": "buy",
        "local_timestamp": "1765451432669",
        "timestamp": "1765451432545",
        "asset_price": 2.0170500000000002
    },
    {
        "price": "0.76",
        "size": "26.58",
        "side": "buy",
        "local_timestamp": "1765451434126",
        "timestamp": "1765451434002",
        "asset_price": 2.0170500000000002
    },
    {
        "price": "0.76",
        "size": "28.2",
        "side": "buy",
        "local_timestamp": "1765451436001",
        "timestamp": "1765451435875",
        "asset_price": 2.0170500000000002
    },
    {
        "price": "0.76",
        "size": "26.58",
        "side": "buy",
        "local_timestamp": "1765451437139",
        "timestamp": "1765451437016",
        "asset_price": 2.01695
    },
    {
        "price": "0.72",
        "size": "6.944442",
        "side": "buy",
        "local_timestamp": "1765451437564",
        "timestamp": "1765451437440",
        "asset_price": 2.01695
    },
    {
        "price": "0.71",
        "size": "10",
        "side": "sell",
        "local_timestamp": "1765451441420",
        "timestamp": "1765451441296",
        "asset_price": 2.01695
    },
    {
        "price": "0.71",
        "size": "28.44",
        "side": "buy",
        "local_timestamp": "1765451442051",
        "timestamp": "1765451441926",
        "asset_price": 2.01695
    },
    {
        "price": "0.71",
        "size": "20",
        "side": "sell",
        "local_timestamp": "1765451443571",
        "timestamp": "1765451443446",
        "asset_price": 2.01685
    },
    {
        "price": "0.66",
        "size": "37.090908",
        "side": "buy",
        "local_timestamp": "1765451444410",
        "timestamp": "1765451444269",
        "asset_price": 2.01685
    },
    {
        "price": "0.66",
        "size": "37.090908",
        "side": "buy",
        "local_timestamp": "1765451444775",
        "timestamp": "1765451444651",
        "asset_price": 2.01685
    },
    {
        "price": "0.66",
        "size": "30",
        "side": "sell",
        "local_timestamp": "1765451449690",
        "timestamp": "1765451449384",
        "asset_price": 2.0166500000000003
    },
    {
        "price": "0.66",
        "size": "20",
        "side": "sell",
        "local_timestamp": "1765451449690",
        "timestamp": "1765451449392",
        "asset_price": 2.0166500000000003
    },
    {
        "price": "0.65",
        "size": "31.26",
        "side": "buy",
        "local_timestamp": "1765451450209",
        "timestamp": "1765451450084",
        "asset_price": 2.0166500000000003
    },
    {
        "price": "0.65",
        "size": "20",
        "side": "buy",
        "local_timestamp": "1765451452253",
        "timestamp": "1765451452128",
        "asset_price": 2.0166500000000003
    },
    {
        "price": "0.64",
        "size": "10",
        "side": "sell",
        "local_timestamp": "1765451456774",
        "timestamp": "1765451456649",
        "asset_price": 2.0166500000000003
    },
    {
        "price": "0.66",
        "size": "20",
        "side": "sell",
        "local_timestamp": "1765451457578",
        "timestamp": "1765451457454",
        "asset_price": 2.0166500000000003
    },
    {
        "price": "0.66",
        "size": "13.6",
        "side": "sell",
        "local_timestamp": "1765451457842",
        "timestamp": "1765451457713",
        "asset_price": 2.0166500000000003
    },
    {
        "price": "0.64",
        "size": "31.26",
        "side": "buy",
        "local_timestamp": "1765451459147",
        "timestamp": "1765451459023",
        "asset_price": 2.0166500000000003
    },
    {
        "price": "0.64",
        "size": "10",
        "side": "sell",
        "local_timestamp": "1765451464391",
        "timestamp": "1765451464266",
        "asset_price": 2.0166500000000003
    },
    {
        "price": "0.65",
        "size": "150",
        "side": "buy",
        "local_timestamp": "1765451465835",
        "timestamp": "1765451465711",
        "asset_price": 2.0166500000000003
    },
    {
        "price": "0.65",
        "size": "10",
        "side": "sell",
        "local_timestamp": "1765451468171",
        "timestamp": "1765451468047",
        "asset_price": 2.0166500000000003
    },
    {
        "price": "0.66",
        "size": "1.51515",
        "side": "buy",
        "local_timestamp": "1765451468491",
        "timestamp": "1765451468367",
        "asset_price": 2.0166500000000003
    },
    {
        "price": "0.63",
        "size": "33.78",
        "side": "buy",
        "local_timestamp": "1765451472765",
        "timestamp": "1765451472639",
        "asset_price": 2.0166500000000003
    },
    {
        "price": "0.62",
        "size": "10",
        "side": "sell",
        "local_timestamp": "1765451472776",
        "timestamp": "1765451472651",
        "asset_price": 2.0166500000000003
    },
    {
        "price": "0.64",
        "size": "34.32",
        "side": "buy",
        "local_timestamp": "1765451473299",
        "timestamp": "1765451473169",
        "asset_price": 2.0166500000000003
    },
    {
        "price": "0.62",
        "size": "20",
        "side": "sell",
        "local_timestamp": "1765451481087",
        "timestamp": "1765451480963",
        "asset_price": 2.01655
    },
    {
        "price": "0.63",
        "size": "40",
        "side": "buy",
        "local_timestamp": "1765451481210",
        "timestamp": "1765451481085",
        "asset_price": 2.01655
    },
    {
        "price": "0.6",
        "size": "10",
        "side": "sell",
        "local_timestamp": "1765451487221",
        "timestamp": "1765451487096",
        "asset_price": 2.01655
    },
    {
        "price": "0.6",
        "size": "6",
        "side": "sell",
        "local_timestamp": "1765451487447",
        "timestamp": "1765451487323",
        "asset_price": 2.01655
    },
    {
        "price": "0.64",
        "size": "131",
        "side": "buy",
        "local_timestamp": "1765451488041",
        "timestamp": "1765451487915",
        "asset_price": 2.01655
    },
    {
        "price": "0.64",
        "size": "131",
        "side": "buy",
        "local_timestamp": "1765451488042",
        "timestamp": "1765451487917",
        "asset_price": 2.01655
    },
    {
        "price": "0.64",
        "size": "192",
        "side": "buy",
        "local_timestamp": "1765451489790",
        "timestamp": "1765451489666",
        "asset_price": 2.01655
    },
    {
        "price": "0.72",
        "size": "28",
        "side": "sell",
        "local_timestamp": "1765451496373",
        "timestamp": "1765451496249",
        "asset_price": 2.01655
    },
    {
        "price": "0.72",
        "size": "30",
        "side": "sell",
        "local_timestamp": "1765451496460",
        "timestamp": "1765451496336",
        "asset_price": 2.01655
    },
    {
        "price": "0.72",
        "size": "44",
        "side": "sell",
        "local_timestamp": "1765451496712",
        "timestamp": "1765451496588",
        "asset_price": 2.01655
    },
    {
        "price": "0.71",
        "size": "28",
        "side": "sell",
        "local_timestamp": "1765451497025",
        "timestamp": "1765451496901",
        "asset_price": 2.01655
    },
    {
        "price": "0.75",
        "size": "13.333332",
        "side": "buy",
        "local_timestamp": "1765451498864",
        "timestamp": "1765451498740",
        "asset_price": 2.01655
    },
    {
        "price": "0.7",
        "size": "9",
        "side": "sell",
        "local_timestamp": "1765451502032",
        "timestamp": "1765451501907",
        "asset_price": 2.01655
    },
    {
        "price": "0.7",
        "size": "59.88",
        "side": "sell",
        "local_timestamp": "1765451502283",
        "timestamp": "1765451502156",
        "asset_price": 2.01655
    },
    {
        "price": "0.7",
        "size": "28",
        "side": "sell",
        "local_timestamp": "1765451502629",
        "timestamp": "1765451502505",
        "asset_price": 2.01655
    },
    {
        "price": "0.7",
        "size": "8.42",
        "side": "sell",
        "local_timestamp": "1765451503078",
        "timestamp": "1765451502954",
        "asset_price": 2.01655
    },
    {
        "price": "0.71",
        "size": "7.042251",
        "side": "buy",
        "local_timestamp": "1765451503194",
        "timestamp": "1765451503070",
        "asset_price": 2.01655
    },
    {
        "price": "0.7",
        "size": "10",
        "side": "sell",
        "local_timestamp": "1765451508247",
        "timestamp": "1765451508122",
        "asset_price": 2.01655
    },
    {
        "price": "0.7",
        "size": "8",
        "side": "sell",
        "local_timestamp": "1765451508646",
        "timestamp": "1765451508522",
        "asset_price": 2.01655
    },
    {
        "price": "0.71",
        "size": "131",
        "side": "buy",
        "local_timestamp": "1765451509908",
        "timestamp": "1765451509784",
        "asset_price": 2.01655
    },
    {
        "price": "0.71",
        "size": "106.27",
        "side": "buy",
        "local_timestamp": "1765451510335",
        "timestamp": "1765451510211",
        "asset_price": 2.01655
    },
    {
        "price": "0.71",
        "size": "28.44",
        "side": "buy",
        "local_timestamp": "1765451511880",
        "timestamp": "1765451511750",
        "asset_price": 2.01655
    },
    {
        "price": "0.71",
        "size": "32.58",
        "side": "buy",
        "local_timestamp": "1765451512104",
        "timestamp": "1765451511979",
        "asset_price": 2.01655
    },
    {
        "price": "0.71",
        "size": "100",
        "side": "buy",
        "local_timestamp": "1765451512648",
        "timestamp": "1765451512524",
        "asset_price": 2.01655
    },
    {
        "price": "0.71",
        "size": "1.408448",
        "side": "buy",
        "local_timestamp": "1765451514248",
        "timestamp": "1765451514123",
        "asset_price": 2.01655
    },
    {
        "price": "0.71",
        "size": "1.408448",
        "side": "buy",
        "local_timestamp": "1765451514259",
        "timestamp": "1765451514132",
        "asset_price": 2.01655
    },
    {
        "price": "0.71",
        "size": "1.408448",
        "side": "buy",
        "local_timestamp": "1765451516446",
        "timestamp": "1765451516322",
        "asset_price": 2.01655
    },
    {
        "price": "0.71",
        "size": "50",
        "side": "buy",
        "local_timestamp": "1765451516845",
        "timestamp": "1765451516718",
        "asset_price": 2.01655
    },
    {
        "price": "0.71",
        "size": "78.75",
        "side": "buy",
        "local_timestamp": "1765451516873",
        "timestamp": "1765451516748",
        "asset_price": 2.01655
    },
    {
        "price": "0.72",
        "size": "20.277775",
        "side": "buy",
        "local_timestamp": "1765451518648",
        "timestamp": "1765451518523",
        "asset_price": 2.01655
    },
    {
        "price": "0.73",
        "size": "20",
        "side": "sell",
        "local_timestamp": "1765451521721",
        "timestamp": "1765451521597",
        "asset_price": 2.01655
    },
    {
        "price": "0.73",
        "size": "17.02",
        "side": "sell",
        "local_timestamp": "1765451521727",
        "timestamp": "1765451521602",
        "asset_price": 2.01655
    },
    {
        "price": "0.68",
        "size": "39.24",
        "side": "sell",
        "local_timestamp": "1765451524552",
        "timestamp": "1765451521925",
        "asset_price": 2.01655
    },
    {
        "price": "0.71",
        "size": "5",
        "side": "buy",
        "local_timestamp": "1765451524566",
        "timestamp": "1765451522468",
        "asset_price": 2.01655
    },
    {
        "price": "0.71",
        "size": "39.84",
        "side": "buy",
        "local_timestamp": "1765451524567",
        "timestamp": "1765451522497",
        "asset_price": 2.01655
    },
    {
        "price": "0.68",
        "size": "30",
        "side": "sell",
        "local_timestamp": "1765451524585",
        "timestamp": "1765451524078",
        "asset_price": 2.01655
    },
    {
        "price": "0.48",
        "size": "9",
        "side": "sell",
        "local_timestamp": "1765451528391",
        "timestamp": "1765451528266",
        "asset_price": 2.0161499999999997
    },
    {
        "price": "0.48",
        "size": "20.2",
        "side": "sell",
        "local_timestamp": "1765451529857",
        "timestamp": "1765451529732",
        "asset_price": 2.0161499999999997
    },
    {
        "price": "0.51",
        "size": "20",
        "side": "sell",
        "local_timestamp": "1765451531232",
        "timestamp": "1765451531103",
        "asset_price": 2.0161499999999997
    },
    {
        "price": "0.51",
        "size": "50",
        "side": "sell",
        "local_timestamp": "1765451531335",
        "timestamp": "1765451531211",
        "asset_price": 2.0161499999999997
    },
    {
        "price": "0.51",
        "size": "28",
        "side": "sell",
        "local_timestamp": "1765451531808",
        "timestamp": "1765451531415",
        "asset_price": 2.0161499999999997
    },
    {
        "price": "0.51",
        "size": "7",
        "side": "sell",
        "local_timestamp": "1765451534662",
        "timestamp": "1765451534539",
        "asset_price": 2.01585
    },
    {
        "price": "0.47",
        "size": "6.382977",
        "side": "buy",
        "local_timestamp": "1765451535953",
        "timestamp": "1765451535829",
        "asset_price": 2.01585
    },
    {
        "price": "0.42",
        "size": "37.714284",
        "side": "buy",
        "local_timestamp": "1765451537819",
        "timestamp": "1765451537692",
        "asset_price": 2.01585
    },
    {
        "price": "0.47",
        "size": "36",
        "side": "buy",
        "local_timestamp": "1765451539648",
        "timestamp": "1765451539523",
        "asset_price": 2.01585
    },
    {
        "price": "0.61",
        "size": "30",
        "side": "buy",
        "local_timestamp": "1765451546155",
        "timestamp": "1765451545905",
        "asset_price": 2.0162500000000003
    },
    {
        "price": "0.62",
        "size": "36.580644",
        "side": "buy",
        "local_timestamp": "1765451546286",
        "timestamp": "1765451546162",
        "asset_price": 2.0162500000000003
    },
    {
        "price": "0.64",
        "size": "3.90625",
        "side": "buy",
        "local_timestamp": "1765451548291",
        "timestamp": "1765451548168",
        "asset_price": 2.0162500000000003
    },
    {
        "price": "0.55",
        "size": "30",
        "side": "sell",
        "local_timestamp": "1765451551830",
        "timestamp": "1765451551706",
        "asset_price": 2.0162500000000003
    },
    {
        "price": "0.57",
        "size": "28.491227",
        "side": "buy",
        "local_timestamp": "1765451553832",
        "timestamp": "1765451553705",
        "asset_price": 2.0162500000000003
    },
    {
        "price": "0.56",
        "size": "29",
        "side": "buy",
        "local_timestamp": "1765451554137",
        "timestamp": "1765451554013",
        "asset_price": 2.0162500000000003
    },
    {
        "price": "0.57",
        "size": "12.5",
        "side": "buy",
        "local_timestamp": "1765451554442",
        "timestamp": "1765451554318",
        "asset_price": 2.01635
    },
    {
        "price": "0.61",
        "size": "20",
        "side": "sell",
        "local_timestamp": "1765451556233",
        "timestamp": "1765451556109",
        "asset_price": 2.01635
    },
    {
        "price": "0.65",
        "size": "20",
        "side": "sell",
        "local_timestamp": "1765451557503",
        "timestamp": "1765451557376",
        "asset_price": 2.01635
    },
    {
        "price": "0.66",
        "size": "4.7",
        "side": "sell",
        "local_timestamp": "1765451561645",
        "timestamp": "1765451561521",
        "asset_price": 2.01635
    },
    {
        "price": "0.58",
        "size": "30",
        "side": "sell",
        "local_timestamp": "1765451567340",
        "timestamp": "1765451565336",
        "asset_price": 2.01635
    },
    {
        "price": "0.58",
        "size": "5",
        "side": "sell",
        "local_timestamp": "1765451569190",
        "timestamp": "1765451569064",
        "asset_price": 2.01635
    },
    {
        "price": "0.57",
        "size": "30",
        "side": "sell",
        "local_timestamp": "1765451572560",
        "timestamp": "1765451572423",
        "asset_price": 2.01635
    },
    {
        "price": "0.57",
        "size": "20",
        "side": "sell",
        "local_timestamp": "1765451574644",
        "timestamp": "1765451574519",
        "asset_price": 2.01635
    },
    {
        "price": "0.63",
        "size": "36",
        "side": "buy",
        "local_timestamp": "1765451575303",
        "timestamp": "1765451575179",
        "asset_price": 2.01635
    },
    {
        "price": "0.67",
        "size": "60.895521",
        "side": "buy",
        "local_timestamp": "1765451575674",
        "timestamp": "1765451575548",
        "asset_price": 2.01635
    },
    {
        "price": "0.71",
        "size": "17",
        "side": "buy",
        "local_timestamp": "1765451581708",
        "timestamp": "1765451581582",
        "asset_price": 2.0166500000000003
    },
    {
        "price": "0.77",
        "size": "5",
        "side": "buy",
        "local_timestamp": "1765451582938",
        "timestamp": "1765451582814",
        "asset_price": 2.0166500000000003
    },
    {
        "price": "0.74",
        "size": "20",
        "side": "sell",
        "local_timestamp": "1765451590643",
        "timestamp": "1765451590516",
        "asset_price": 2.0166500000000003
    },
    {
        "price": "0.76",
        "size": "10",
        "side": "sell",
        "local_timestamp": "1765451595418",
        "timestamp": "1765451593401",
        "asset_price": 2.0166500000000003
    },
    {
        "price": "0.76",
        "size": "9",
        "side": "sell",
        "local_timestamp": "1765451595437",
        "timestamp": "1765451595157",
        "asset_price": 2.0166500000000003
    },
    {
        "price": "0.77",
        "size": "5",
        "side": "buy",
        "local_timestamp": "1765451595437",
        "timestamp": "1765451595272",
        "asset_price": 2.0166500000000003
    },
    {
        "price": "0.72",
        "size": "38",
        "side": "buy",
        "local_timestamp": "1765451597166",
        "timestamp": "1765451597042",
        "asset_price": 2.0166500000000003
    },
    {
        "price": "0.71",
        "size": "30",
        "side": "sell",
        "local_timestamp": "1765451598787",
        "timestamp": "1765451598663",
        "asset_price": 2.0166500000000003
    },
    {
        "price": "0.74",
        "size": "30",
        "side": "sell",
        "local_timestamp": "1765451599397",
        "timestamp": "1765451599274",
        "asset_price": 2.0166500000000003
    },
    {
        "price": "0.75",
        "size": "10",
        "side": "buy",
        "local_timestamp": "1765451599797",
        "timestamp": "1765451599673",
        "asset_price": 2.0166500000000003
    },
    {
        "price": "0.74",
        "size": "30.84",
        "side": "buy",
        "local_timestamp": "1765451600908",
        "timestamp": "1765451600784",
        "asset_price": 2.0166500000000003
    },
    {
        "price": "0.74",
        "size": "8.56",
        "side": "buy",
        "local_timestamp": "1765451601620",
        "timestamp": "1765451601495",
        "asset_price": 2.0166500000000003
    },
    {
        "price": "0.76",
        "size": "10",
        "side": "sell",
        "local_timestamp": "1765451602178",
        "timestamp": "1765451602053",
        "asset_price": 2.0166500000000003
    },
    {
        "price": "0.77",
        "size": "30",
        "side": "buy",
        "local_timestamp": "1765451602617",
        "timestamp": "1765451602493",
        "asset_price": 2.0166500000000003
    },
    {
        "price": "0.76",
        "size": "20",
        "side": "sell",
        "local_timestamp": "1765451603931",
        "timestamp": "1765451603807",
        "asset_price": 2.0166500000000003
    },
    {
        "price": "0.76",
        "size": "7.94",
        "side": "buy",
        "local_timestamp": "1765451607568",
        "timestamp": "1765451607444",
        "asset_price": 2.0166500000000003
    },
    {
        "price": "0.76",
        "size": "10",
        "side": "sell",
        "local_timestamp": "1765451608727",
        "timestamp": "1765451608603",
        "asset_price": 2.0166500000000003
    },
    {
        "price": "0.77",
        "size": "10",
        "side": "sell",
        "local_timestamp": "1765451614417",
        "timestamp": "1765451614293",
        "asset_price": 2.0166500000000003
    },
    {
        "price": "0.78",
        "size": "10",
        "side": "sell",
        "local_timestamp": "1765451619940",
        "timestamp": "1765451617363",
        "asset_price": 2.0166500000000003
    },
    {
        "price": "0.79",
        "size": "6.329109",
        "side": "buy",
        "local_timestamp": "1765451620377",
        "timestamp": "1765451619373",
        "asset_price": 2.0166500000000003
    },
    {
        "price": "0.79",
        "size": "3.797466",
        "side": "buy",
        "local_timestamp": "1765451623120",
        "timestamp": "1765451622995",
        "asset_price": 2.0166500000000003
    },
    {
        "price": "0.79",
        "size": "50.69",
        "side": "buy",
        "local_timestamp": "1765451623143",
        "timestamp": "1765451623019",
        "asset_price": 2.0166500000000003
    },
    {
        "price": "0.79",
        "size": "50.69",
        "side": "buy",
        "local_timestamp": "1765451623355",
        "timestamp": "1765451623228",
        "asset_price": 2.0166500000000003
    },
    {
        "price": "0.81",
        "size": "19.753084",
        "side": "buy",
        "local_timestamp": "1765451627801",
        "timestamp": "1765451627677",
        "asset_price": 2.0166500000000003
    },
    {
        "price": "0.8",
        "size": "20",
        "side": "sell",
        "local_timestamp": "1765451629149",
        "timestamp": "1765451629024",
        "asset_price": 2.0166500000000003
    },
    {
        "price": "0.8",
        "size": "20",
        "side": "sell",
        "local_timestamp": "1765451629469",
        "timestamp": "1765451629344",
        "asset_price": 2.0166500000000003
    },
    {
        "price": "0.8",
        "size": "8",
        "side": "sell",
        "local_timestamp": "1765451630215",
        "timestamp": "1765451630090",
        "asset_price": 2.0166500000000003
    },
    {
        "price": "0.8",
        "size": "39.62",
        "side": "buy",
        "local_timestamp": "1765451631192",
        "timestamp": "1765451631069",
        "asset_price": 2.0166500000000003
    },
    {
        "price": "0.81",
        "size": "26",
        "side": "buy",
        "local_timestamp": "1765451633110",
        "timestamp": "1765451632982",
        "asset_price": 2.0166500000000003
    },
    {
        "price": "0.82",
        "size": "5",
        "side": "buy",
        "local_timestamp": "1765451635112",
        "timestamp": "1765451634988",
        "asset_price": 2.0166500000000003
    },
    {
        "price": "0.82",
        "size": "100",
        "side": "buy",
        "local_timestamp": "1765451635147",
        "timestamp": "1765451635021",
        "asset_price": 2.0166500000000003
    }
]