[
    {
        "price": "0.47",
        "size": "100",
        "side": "buy",
        "local_timestamp": "1765450860154",
        "timestamp": "1765450860035",
        "asset_price": 90294.025
    },
    {
        "price": "0.46",
        "size": "3.01",
        "side": "buy",
        "local_timestamp": "1765450866185",
        "timestamp": "1765450866066",
        "asset_price": 90294.025
    },
    {
        "price": "0.46",
        "size": "10.869564",
        "side": "buy",
        "local_timestamp": "1765450870455",
        "timestamp": "1765450870336",
        "asset_price": 90294.025
    },
    {
        "price": "0.45",
        "size": "10",
        "side": "buy",
        "local_timestamp": "1765450872604",
        "timestamp": "1765450872485",
        "asset_price": 90289.935
    },
    {
        "price": "0.44",
        "size": "18",
        "side": "buy",
        "local_timestamp": "1765450878402",
        "timestamp": "1765450878277",
        "asset_price": 90282.285
    },
    {
        "price": "0.44",
        "size": "2",
        "side": "buy",
        "local_timestamp": "1765450878405",
        "timestamp": "1765450878285",
        "asset_price": 90282.285
    },
    {
        "price": "0.46",
        "size": "6.49",
        "side": "buy",
        "local_timestamp": "1765450890337",
        "timestamp": "1765450890214",
        "asset_price": 90301.42499999999
    },
    {
        "price": "0.48",
        "size": "20",
        "side": "buy",
        "local_timestamp": "1765450891347",
        "timestamp": "1765450891227",
        "asset_price": 90312.295
    },
    {
        "price": "0.47",
        "size": "71.48936",
        "side": "buy",
        "local_timestamp": "1765450891950",
        "timestamp": "1765450891831",
        "asset_price": 90312.295
    },
    {
        "price": "0.47",
        "size": "75",
        "side": "buy",
        "local_timestamp": "1765450891984",
        "timestamp": "1765450891864",
        "asset_price": 90312.295
    },
    {
        "price": "0.47",
        "size": "16.234041",
        "side": "buy",
        "local_timestamp": "1765450892037",
        "timestamp": "1765450891917",
        "asset_price": 90312.295
    },
    {
        "price": "0.47",
        "size": "62.297871",
        "side": "buy",
        "local_timestamp": "1765450892060",
        "timestamp": "1765450891941",
        "asset_price": 90312.295
    },
    {
        "price": "0.47",
        "size": "20",
        "side": "buy",
        "local_timestamp": "1765450892080",
        "timestamp": "1765450891959",
        "asset_price": 90312.295
    },
    {
        "price": "0.47",
        "size": "50",
        "side": "buy",
        "local_timestamp": "1765450892395",
        "timestamp": "1765450892276",
        "asset_price": 90312.295
    },
    {
        "price": "0.47",
        "size": "63.24",
        "side": "buy",
        "local_timestamp": "1765450892418",
        "timestamp": "1765450892297",
        "asset_price": 90312.295
    },
    {
        "price": "0.47",
        "size": "120.510637",
        "side": "buy",
        "local_timestamp": "1765450892429",
        "timestamp": "1765450892308",
        "asset_price": 90312.295
    },
    {
        "price": "0.48",
        "size": "20",
        "side": "buy",
        "local_timestamp": "1765450893484",
        "timestamp": "1765450893359",
        "asset_price": 90312.295
    },
    {
        "price": "0.48",
        "size": "11.16",
        "side": "buy",
        "local_timestamp": "1765450894189",
        "timestamp": "1765450894066",
        "asset_price": 90328.015
    },
    {
        "price": "0.5",
        "size": "20",
        "side": "buy",
        "local_timestamp": "1765450894237",
        "timestamp": "1765450894117",
        "asset_price": 90328.015
    },
    {
        "price": "0.5",
        "size": "13",
        "side": "buy",
        "local_timestamp": "1765450894688",
        "timestamp": "1765450894569",
        "asset_price": 90328.015
    },
    {
        "price": "0.5",
        "size": "297",
        "side": "buy",
        "local_timestamp": "1765450894718",
        "timestamp": "1765450894598",
        "asset_price": 90328.015
    },
    {
        "price": "0.51",
        "size": "75",
        "side": "buy",
        "local_timestamp": "1765450894918",
        "timestamp": "1765450894798",
        "asset_price": 90339.025
    },
    {
        "price": "0.51",
        "size": "20",
        "side": "buy",
        "local_timestamp": "1765450895017",
        "timestamp": "1765450894896",
        "asset_price": 90339.025
    },
    {
        "price": "0.52",
        "size": "16.173075",
        "side": "buy",
        "local_timestamp": "1765450895601",
        "timestamp": "1765450895481",
        "asset_price": 90339.025
    },
    {
        "price": "0.51",
        "size": "502",
        "side": "buy",
        "local_timestamp": "1765450895605",
        "timestamp": "1765450895483",
        "asset_price": 90339.025
    },
    {
        "price": "0.52",
        "size": "299.82",
        "side": "buy",
        "local_timestamp": "1765450895653",
        "timestamp": "1765450895533",
        "asset_price": 90339.025
    },
    {
        "price": "0.53",
        "size": "20",
        "side": "buy",
        "local_timestamp": "1765450895654",
        "timestamp": "1765450895534",
        "asset_price": 90339.025
    },
    {
        "price": "0.53",
        "size": "20",
        "side": "buy",
        "local_timestamp": "1765450896284",
        "timestamp": "1765450896165",
        "asset_price": 90339.025
    },
    {
        "price": "0.52",
        "size": "20",
        "side": "buy",
        "local_timestamp": "1765450896935",
        "timestamp": "1765450896815",
        "asset_price": 90335.08499999999
    },
    {
        "price": "0.52",
        "size": "20",
        "side": "buy",
        "local_timestamp": "1765450897613",
        "timestamp": "1765450897492",
        "asset_price": 90335.08499999999
    },
    {
        "price": "0.52",
        "size": "20",
        "side": "buy",
        "local_timestamp": "1765450898289",
        "timestamp": "1765450898164",
        "asset_price": 90335.08499999999
    },
    {
        "price": "0.52",
        "size": "20",
        "side": "buy",
        "local_timestamp": "1765450898948",
        "timestamp": "1765450898829",
        "asset_price": 90335.08499999999
    },
    {
        "price": "0.52",
        "size": "20",
        "side": "buy",
        "local_timestamp": "1765450899901",
        "timestamp": "1765450899782",
        "asset_price": 90335.08499999999
    },
    {
        "price": "0.52",
        "size": "20",
        "side": "buy",
        "local_timestamp": "1765450903358",
        "timestamp": "1765450903239",
        "asset_price": 90335.08499999999
    },
    {
        "price": "0.51",
        "size": "300",
        "side": "sell",
        "local_timestamp": "1765450908386",
        "timestamp": "1765450908267",
        "asset_price": 90335.08499999999
    },
    {
        "price": "0.52",
        "size": "20",
        "side": "buy",
        "local_timestamp": "1765450908649",
        "timestamp": "1765450908530",
        "asset_price": 90335.08499999999
    },
    {
        "price": "0.52",
        "size": "2.442306",
        "side": "buy",
        "local_timestamp": "1765450909745",
        "timestamp": "1765450909626",
        "asset_price": 90327.285
    },
    {
        "price": "0.52",
        "size": "20",
        "side": "buy",
        "local_timestamp": "1765450909994",
        "timestamp": "1765450909875",
        "asset_price": 90327.285
    },
    {
        "price": "0.51",
        "size": "11",
        "side": "buy",
        "local_timestamp": "1765450910499",
        "timestamp": "1765450910376",
        "asset_price": 90327.285
    },
    {
        "price": "0.5",
        "size": "20",
        "side": "buy",
        "local_timestamp": "1765450918636",
        "timestamp": "1765450918516",
        "asset_price": 90319.185
    },
    {
        "price": "0.48",
        "size": "20",
        "side": "buy",
        "local_timestamp": "1765450926242",
        "timestamp": "1765450926121",
        "asset_price": 90310.155
    },
    {
        "price": "0.48",
        "size": "18",
        "side": "buy",
        "local_timestamp": "1765450926659",
        "timestamp": "1765450926540",
        "asset_price": 90310.155
    },
    {
        "price": "0.48",
        "size": "14.53",
        "side": "buy",
        "local_timestamp": "1765450926685",
        "timestamp": "1765450926566",
        "asset_price": 90310.155
    },
    {
        "price": "0.49",
        "size": "3.42",
        "side": "buy",
        "local_timestamp": "1765450927233",
        "timestamp": "1765450927112",
        "asset_price": 90310.155
    },
    {
        "price": "0.48",
        "size": "2.52",
        "side": "sell",
        "local_timestamp": "1765450927279",
        "timestamp": "1765450927134",
        "asset_price": 90310.155
    },
    {
        "price": "0.48",
        "size": "20",
        "side": "buy",
        "local_timestamp": "1765450930994",
        "timestamp": "1765450930874",
        "asset_price": 90310.155
    },
    {
        "price": "0.48",
        "size": "20",
        "side": "buy",
        "local_timestamp": "1765450934096",
        "timestamp": "1765450933976",
        "asset_price": 90310.155
    },
    {
        "price": "0.48",
        "size": "20",
        "side": "buy",
        "local_timestamp": "1765450934783",
        "timestamp": "1765450934659",
        "asset_price": 90310.155
    },
    {
        "price": "0.49",
        "size": "20",
        "side": "buy",
        "local_timestamp": "1765450935801",
        "timestamp": "1765450935682",
        "asset_price": 90310.155
    },
    {
        "price": "0.49",
        "size": "5",
        "side": "buy",
        "local_timestamp": "1765450937365",
        "timestamp": "1765450937246",
        "asset_price": 90310.155
    },
    {
        "price": "0.49",
        "size": "20",
        "side": "buy",
        "local_timestamp": "1765450937923",
        "timestamp": "1765450937801",
        "asset_price": 90310.155
    },
    {
        "price": "0.49",
        "size": "20",
        "side": "buy",
        "local_timestamp": "1765450942483",
        "timestamp": "1765450942361",
        "asset_price": 90310.155
    },
    {
        "price": "0.49",
        "size": "20",
        "side": "buy",
        "local_timestamp": "1765450943124",
        "timestamp": "1765450943004",
        "asset_price": 90310.155
    },
    {
        "price": "0.48",
        "size": "10",
        "side": "buy",
        "local_timestamp": "1765450951746",
        "timestamp": "1765450951488",
        "asset_price": 90310.155
    },
    {
        "price": "0.49",
        "size": "20",
        "side": "buy",
        "local_timestamp": "1765450960280",
        "timestamp": "1765450960059",
        "asset_price": 90310.155
    },
    {
        "price": "0.49",
        "size": "20",
        "side": "buy",
        "local_timestamp": "1765450961405",
        "timestamp": "1765450961284",
        "asset_price": 90310.155
    },
    {
        "price": "0.48",
        "size": "10",
        "side": "buy",
        "local_timestamp": "1765450972693",
        "timestamp": "1765450972572",
        "asset_price": 90310.155
    },
    {
        "price": "0.46",
        "size": "20",
        "side": "sell",
        "local_timestamp": "1765450978471",
        "timestamp": "1765450978349",
        "asset_price": 90297.275
    },
    {
        "price": "0.46",
        "size": "20",
        "side": "buy",
        "local_timestamp": "1765450978702",
        "timestamp": "1765450978580",
        "asset_price": 90297.275
    },
    {
        "price": "0.46",
        "size": "10",
        "side": "buy",
        "local_timestamp": "1765450979153",
        "timestamp": "1765450979034",
        "asset_price": 90297.275
    },
    {
        "price": "0.46",
        "size": "5",
        "side": "buy",
        "local_timestamp": "1765450979730",
        "timestamp": "1765450979609",
        "asset_price": 90297.275
    },
    {
        "price": "0.46",
        "size": "18",
        "side": "buy",
        "local_timestamp": "1765450982173",
        "timestamp": "1765450982054",
        "asset_price": 90297.285
    },
    {
        "price": "0.46",
        "size": "18",
        "side": "buy",
        "local_timestamp": "1765450982176",
        "timestamp": "1765450982057",
        "asset_price": 90297.285
    },
    {
        "price": "0.46",
        "size": "18",
        "side": "buy",
        "local_timestamp": "1765450982182",
        "timestamp": "1765450982062",
        "asset_price": 90297.285
    },
    {
        "price": "0.46",
        "size": "6.1",
        "side": "buy",
        "local_timestamp": "1765450982187",
        "timestamp": "1765450982068",
        "asset_price": 90297.285
    },
    {
        "price": "0.46",
        "size": "2.65",
        "side": "sell",
        "local_timestamp": "1765450982782",
        "timestamp": "1765450982663",
        "asset_price": 90309.92499999999
    },
    {
        "price": "0.47",
        "size": "8.19",
        "side": "sell",
        "local_timestamp": "1765450983942",
        "timestamp": "1765450983679",
        "asset_price": 90309.92499999999
    },
    {
        "price": "0.48",
        "size": "20",
        "side": "buy",
        "local_timestamp": "1765450985609",
        "timestamp": "1765450985490",
        "asset_price": 90309.92499999999
    },
    {
        "price": "0.49",
        "size": "20",
        "side": "buy",
        "local_timestamp": "1765450986215",
        "timestamp": "1765450986096",
        "asset_price": 90309.92499999999
    },
    {
        "price": "0.48",
        "size": "3.57",
        "side": "buy",
        "local_timestamp": "1765450988298",
        "timestamp": "1765450988178",
        "asset_price": 90309.92499999999
    },
    {
        "price": "0.48",
        "size": "20",
        "side": "buy",
        "local_timestamp": "1765450988343",
        "timestamp": "1765450988223",
        "asset_price": 90309.92499999999
    },
    {
        "price": "0.48",
        "size": "41.437345",
        "side": "buy",
        "local_timestamp": "1765450989223",
        "timestamp": "1765450989099",
        "asset_price": 90309.92499999999
    },
    {
        "price": "0.49",
        "size": "20",
        "side": "buy",
        "local_timestamp": "1765450994126",
        "timestamp": "1765450994006",
        "asset_price": 90309.92499999999
    },
    {
        "price": "0.49",
        "size": "18",
        "side": "buy",
        "local_timestamp": "1765451010381",
        "timestamp": "1765451010262",
        "asset_price": 90309.92499999999
    },
    {
        "price": "0.49",
        "size": "18",
        "side": "buy",
        "local_timestamp": "1765451011193",
        "timestamp": "1765451011074",
        "asset_price": 90309.92499999999
    },
    {
        "price": "0.49",
        "size": "20.408162",
        "side": "buy",
        "local_timestamp": "1765451012658",
        "timestamp": "1765451012535",
        "asset_price": 90309.92499999999
    },
    {
        "price": "0.48",
        "size": "50",
        "side": "sell",
        "local_timestamp": "1765451013249",
        "timestamp": "1765451013130",
        "asset_price": 90309.92499999999
    },
    {
        "price": "0.48",
        "size": "3.04",
        "side": "sell",
        "local_timestamp": "1765451015100",
        "timestamp": "1765451014979",
        "asset_price": 90309.92499999999
    },
    {
        "price": "0.48",
        "size": "10.96",
        "side": "sell",
        "local_timestamp": "1765451018127",
        "timestamp": "1765451018007",
        "asset_price": 90309.92499999999
    },
    {
        "price": "0.48",
        "size": "9.52",
        "side": "buy",
        "local_timestamp": "1765451022913",
        "timestamp": "1765451022793",
        "asset_price": 90309.92499999999
    },
    {
        "price": "0.49",
        "size": "20",
        "side": "buy",
        "local_timestamp": "1765451025682",
        "timestamp": "1765451025550",
        "asset_price": 90309.92499999999
    },
    {
        "price": "0.5",
        "size": "20",
        "side": "buy",
        "local_timestamp": "1765451038538",
        "timestamp": "1765451038055",
        "asset_price": 90318.565
    },
    {
        "price": "0.5",
        "size": "2",
        "side": "buy",
        "local_timestamp": "1765451038818",
        "timestamp": "1765451038696",
        "asset_price": 90318.565
    },
    {
        "price": "0.5",
        "size": "0.06",
        "side": "sell",
        "local_timestamp": "1765451042942",
        "timestamp": "1765451042821",
        "asset_price": 90318.565
    },
    {
        "price": "0.5",
        "size": "5",
        "side": "buy",
        "local_timestamp": "1765451044019",
        "timestamp": "1765451043900",
        "asset_price": 90318.565
    },
    {
        "price": "0.51",
        "size": "20",
        "side": "buy",
        "local_timestamp": "1765451046521",
        "timestamp": "1765451046402",
        "asset_price": 90319.945
    },
    {
        "price": "0.51",
        "size": "45",
        "side": "buy",
        "local_timestamp": "1765451047044",
        "timestamp": "1765451046924",
        "asset_price": 90319.945
    },
    {
        "price": "0.52",
        "size": "13",
        "side": "buy",
        "local_timestamp": "1765451048543",
        "timestamp": "1765451048413",
        "asset_price": 90328.89499999999
    },
    {
        "price": "0.53",
        "size": "4.11",
        "side": "buy",
        "local_timestamp": "1765451049358",
        "timestamp": "1765451049239",
        "asset_price": 90328.89499999999
    },
    {
        "price": "0.53",
        "size": "20",
        "side": "buy",
        "local_timestamp": "1765451053432",
        "timestamp": "1765451053313",
        "asset_price": 90328.89499999999
    },
    {
        "price": "0.53",
        "size": "20",
        "side": "buy",
        "local_timestamp": "1765451055713",
        "timestamp": "1765451055592",
        "asset_price": 90328.89499999999
    },
    {
        "price": "0.54",
        "size": "20",
        "side": "buy",
        "local_timestamp": "1765451059239",
        "timestamp": "1765451058608",
        "asset_price": 90337.375
    },
    {
        "price": "0.53",
        "size": "10.86",
        "side": "sell",
        "local_timestamp": "1765451061884",
        "timestamp": "1765451061765",
        "asset_price": 90337.375
    },
    {
        "price": "0.54",
        "size": "20",
        "side": "buy",
        "local_timestamp": "1765451063146",
        "timestamp": "1765451063018",
        "asset_price": 90337.375
    },
    {
        "price": "0.54",
        "size": "10",
        "side": "buy",
        "local_timestamp": "1765451064977",
        "timestamp": "1765451064857",
        "asset_price": 90337.375
    },
    {
        "price": "0.53",
        "size": "20",
        "side": "buy",
        "local_timestamp": "1765451072376",
        "timestamp": "1765451072257",
        "asset_price": 90337.375
    },
    {
        "price": "0.54",
        "size": "20",
        "side": "buy",
        "local_timestamp": "1765451086205",
        "timestamp": "1765451086086",
        "asset_price": 90349.995
    },
    {
        "price": "0.55",
        "size": "16",
        "side": "buy",
        "local_timestamp": "1765451086225",
        "timestamp": "1765451086104",
        "asset_price": 90349.995
    },
    {
        "price": "0.55",
        "size": "118",
        "side": "buy",
        "local_timestamp": "1765451086526",
        "timestamp": "1765451086407",
        "asset_price": 90357.055
    },
    {
        "price": "0.55",
        "size": "70",
        "side": "buy",
        "local_timestamp": "1765451087070",
        "timestamp": "1765451086950",
        "asset_price": 90357.055
    },
    {
        "price": "0.55",
        "size": "500",
        "side": "buy",
        "local_timestamp": "1765451087095",
        "timestamp": "1765451086975",
        "asset_price": 90357.055
    },
    {
        "price": "0.55",
        "size": "4.2",
        "side": "buy",
        "local_timestamp": "1765451087101",
        "timestamp": "1765451086982",
        "asset_price": 90357.055
    },
    {
        "price": "0.55",
        "size": "18",
        "side": "buy",
        "local_timestamp": "1765451087147",
        "timestamp": "1765451087027",
        "asset_price": 90357.055
    },
    {
        "price": "0.55",
        "size": "10",
        "side": "buy",
        "local_timestamp": "1765451087168",
        "timestamp": "1765451087049",
        "asset_price": 90357.055
    },
    {
        "price": "0.55",
        "size": "231.2",
        "side": "buy",
        "local_timestamp": "1765451087185",
        "timestamp": "1765451087065",
        "asset_price": 90357.055
    },
    {
        "price": "0.55",
        "size": "50",
        "side": "buy",
        "local_timestamp": "1765451087186",
        "timestamp": "1765451087067",
        "asset_price": 90357.055
    },
    {
        "price": "0.55",
        "size": "38.4",
        "side": "buy",
        "local_timestamp": "1765451087192",
        "timestamp": "1765451087072",
        "asset_price": 90357.055
    },
    {
        "price": "0.55",
        "size": "75",
        "side": "buy",
        "local_timestamp": "1765451087263",
        "timestamp": "1765451087142",
        "asset_price": 90357.055
    },
    {
        "price": "0.55",
        "size": "18",
        "side": "buy",
        "local_timestamp": "1765451087271",
        "timestamp": "1765451087152",
        "asset_price": 90357.055
    },
    {
        "price": "0.55",
        "size": "40.06",
        "side": "buy",
        "local_timestamp": "1765451087310",
        "timestamp": "1765451087187",
        "asset_price": 90357.055
    },
    {
        "price": "0.56",
        "size": "47",
        "side": "sell",
        "local_timestamp": "1765451087906",
        "timestamp": "1765451087787",
        "asset_price": 90357.055
    },
    {
        "price": "0.57",
        "size": "20",
        "side": "buy",
        "local_timestamp": "1765451088704",
        "timestamp": "1765451088584",
        "asset_price": 90357.055
    },
    {
        "price": "0.57",
        "size": "20",
        "side": "buy",
        "local_timestamp": "1765451089371",
        "timestamp": "1765451089251",
        "asset_price": 90357.055
    },
    {
        "price": "0.56",
        "size": "20",
        "side": "buy",
        "local_timestamp": "1765451090119",
        "timestamp": "1765451089999",
        "asset_price": 90357.055
    },
    {
        "price": "0.56",
        "size": "18",
        "side": "buy",
        "local_timestamp": "1765451090723",
        "timestamp": "1765451090602",
        "asset_price": 90357.055
    },
    {
        "price": "0.56",
        "size": "10",
        "side": "buy",
        "local_timestamp": "1765451095050",
        "timestamp": "1765451094928",
        "asset_price": 90357.055
    },
    {
        "price": "0.57",
        "size": "23.442981",
        "side": "buy",
        "local_timestamp": "1765451095248",
        "timestamp": "1765451095128",
        "asset_price": 90357.055
    },
    {
        "price": "0.57",
        "size": "35.087718",
        "side": "buy",
        "local_timestamp": "1765451099700",
        "timestamp": "1765451099580",
        "asset_price": 90357.055
    },
    {
        "price": "0.58",
        "size": "216.551723",
        "side": "buy",
        "local_timestamp": "1765451099952",
        "timestamp": "1765451099827",
        "asset_price": 90357.055
    },
    {
        "price": "0.58",
        "size": "70",
        "side": "buy",
        "local_timestamp": "1765451101206",
        "timestamp": "1765451101086",
        "asset_price": 90365.995
    },
    {
        "price": "0.58",
        "size": "20",
        "side": "buy",
        "local_timestamp": "1765451101764",
        "timestamp": "1765451101643",
        "asset_price": 90365.995
    },
    {
        "price": "0.58",
        "size": "20",
        "side": "buy",
        "local_timestamp": "1765451102399",
        "timestamp": "1765451102280",
        "asset_price": 90365.995
    },
    {
        "price": "0.57",
        "size": "85",
        "side": "sell",
        "local_timestamp": "1765451103374",
        "timestamp": "1765451103254",
        "asset_price": 90365.995
    },
    {
        "price": "0.57",
        "size": "20.53",
        "side": "sell",
        "local_timestamp": "1765451103669",
        "timestamp": "1765451103550",
        "asset_price": 90365.995
    },
    {
        "price": "0.59",
        "size": "20",
        "side": "buy",
        "local_timestamp": "1765451103960",
        "timestamp": "1765451103839",
        "asset_price": 90365.995
    },
    {
        "price": "0.6",
        "size": "16",
        "side": "buy",
        "local_timestamp": "1765451109959",
        "timestamp": "1765451109840",
        "asset_price": 90379.995
    },
    {
        "price": "0.6",
        "size": "15.33",
        "side": "buy",
        "local_timestamp": "1765451110004",
        "timestamp": "1765451109881",
        "asset_price": 90379.995
    },
    {
        "price": "0.6",
        "size": "20.72",
        "side": "sell",
        "local_timestamp": "1765451110093",
        "timestamp": "1765451109972",
        "asset_price": 90379.995
    },
    {
        "price": "0.6",
        "size": "5",
        "side": "sell",
        "local_timestamp": "1765451110403",
        "timestamp": "1765451110285",
        "asset_price": 90379.995
    },
    {
        "price": "0.61",
        "size": "18",
        "side": "buy",
        "local_timestamp": "1765451110652",
        "timestamp": "1765451110531",
        "asset_price": 90390.235
    },
    {
        "price": "0.61",
        "size": "12",
        "side": "buy",
        "local_timestamp": "1765451110659",
        "timestamp": "1765451110540",
        "asset_price": 90390.235
    },
    {
        "price": "0.61",
        "size": "5",
        "side": "sell",
        "local_timestamp": "1765451110833",
        "timestamp": "1765451110714",
        "asset_price": 90390.235
    },
    {
        "price": "0.62",
        "size": "5",
        "side": "buy",
        "local_timestamp": "1765451111394",
        "timestamp": "1765451111275",
        "asset_price": 90390.235
    },
    {
        "price": "0.63",
        "size": "20",
        "side": "buy",
        "local_timestamp": "1765451112373",
        "timestamp": "1765451112238",
        "asset_price": 90390.235
    },
    {
        "price": "0.63",
        "size": "20",
        "side": "buy",
        "local_timestamp": "1765451114099",
        "timestamp": "1765451112888",
        "asset_price": 90395.92499999999
    },
    {
        "price": "0.64",
        "size": "20",
        "side": "buy",
        "local_timestamp": "1765451114101",
        "timestamp": "1765451113928",
        "asset_price": 90395.92499999999
    },
    {
        "price": "0.64",
        "size": "30",
        "side": "buy",
        "local_timestamp": "1765451115193",
        "timestamp": "1765451115064",
        "asset_price": 90395.92499999999
    },
    {
        "price": "0.64",
        "size": "7.3",
        "side": "buy",
        "local_timestamp": "1765451118449",
        "timestamp": "1765451118330",
        "asset_price": 90395.92499999999
    },
    {
        "price": "0.61",
        "size": "9",
        "side": "buy",
        "local_timestamp": "1765451123786",
        "timestamp": "1765451123667",
        "asset_price": 90385.905
    },
    {
        "price": "0.61",
        "size": "20",
        "side": "buy",
        "local_timestamp": "1765451123820",
        "timestamp": "1765451123700",
        "asset_price": 90385.905
    },
    {
        "price": "0.62",
        "size": "20",
        "side": "buy",
        "local_timestamp": "1765451125774",
        "timestamp": "1765451125653",
        "asset_price": 90385.905
    },
    {
        "price": "0.62",
        "size": "2.661289",
        "side": "buy",
        "local_timestamp": "1765451125963",
        "timestamp": "1765451125843",
        "asset_price": 90377.625
    },
    {
        "price": "0.6",
        "size": "2",
        "side": "buy",
        "local_timestamp": "1765451126597",
        "timestamp": "1765451126478",
        "asset_price": 90365.875
    },
    {
        "price": "0.59",
        "size": "20",
        "side": "buy",
        "local_timestamp": "1765451127378",
        "timestamp": "1765451127259",
        "asset_price": 90365.86499999999
    },
    {
        "price": "0.59",
        "size": "5",
        "side": "buy",
        "local_timestamp": "1765451128165",
        "timestamp": "1765451127856",
        "asset_price": 90365.86499999999
    },
    {
        "price": "0.59",
        "size": "20",
        "side": "buy",
        "local_timestamp": "1765451128166",
        "timestamp": "1765451127991",
        "asset_price": 90365.86499999999
    },
    {
        "price": "0.59",
        "size": "1.813558",
        "side": "buy",
        "local_timestamp": "1765451128227",
        "timestamp": "1765451128108",
        "asset_price": 90365.86499999999
    },
    {
        "price": "0.6",
        "size": "20",
        "side": "buy",
        "local_timestamp": "1765451148856",
        "timestamp": "1765451148726",
        "asset_price": 90374.065
    },
    {
        "price": "0.58",
        "size": "20",
        "side": "buy",
        "local_timestamp": "1765451151848",
        "timestamp": "1765451151723",
        "asset_price": 90365.995
    },
    {
        "price": "0.59",
        "size": "1.864405",
        "side": "buy",
        "local_timestamp": "1765451154757",
        "timestamp": "1765451154636",
        "asset_price": 90365.995
    },
    {
        "price": "0.59",
        "size": "4.8",
        "side": "buy",
        "local_timestamp": "1765451179547",
        "timestamp": "1765451179427",
        "asset_price": 90365.995
    },
    {
        "price": "0.59",
        "size": "18",
        "side": "buy",
        "local_timestamp": "1765451183894",
        "timestamp": "1765451183774",
        "asset_price": 90365.995
    },
    {
        "price": "0.59",
        "size": "20.18",
        "side": "buy",
        "local_timestamp": "1765451184027",
        "timestamp": "1765451183896",
        "asset_price": 90365.995
    },
    {
        "price": "0.59",
        "size": "5",
        "side": "sell",
        "local_timestamp": "1765451184529",
        "timestamp": "1765451184409",
        "asset_price": 90365.995
    },
    {
        "price": "0.6",
        "size": "10",
        "side": "buy",
        "local_timestamp": "1765451191864",
        "timestamp": "1765451191744",
        "asset_price": 90365.995
    },
    {
        "price": "0.58",
        "size": "216.55",
        "side": "sell",
        "local_timestamp": "1765451193265",
        "timestamp": "1765451193144",
        "asset_price": 90365.995
    },
    {
        "price": "0.58",
        "size": "20",
        "side": "buy",
        "local_timestamp": "1765451200495",
        "timestamp": "1765451200376",
        "asset_price": 90365.995
    },
    {
        "price": "0.58",
        "size": "20",
        "side": "buy",
        "local_timestamp": "1765451201102",
        "timestamp": "1765451200981",
        "asset_price": 90365.995
    },
    {
        "price": "0.59",
        "size": "20",
        "side": "buy",
        "local_timestamp": "1765451201714",
        "timestamp": "1765451201595",
        "asset_price": 90365.995
    },
    {
        "price": "0.6",
        "size": "16.016665",
        "side": "buy",
        "local_timestamp": "1765451222400",
        "timestamp": "1765451222281",
        "asset_price": 90401.82500000001
    },
    {
        "price": "0.63",
        "size": "8",
        "side": "buy",
        "local_timestamp": "1765451222660",
        "timestamp": "1765451222541",
        "asset_price": 90401.82500000001
    },
    {
        "price": "0.63",
        "size": "16.047618",
        "side": "buy",
        "local_timestamp": "1765451222661",
        "timestamp": "1765451222542",
        "asset_price": 90401.82500000001
    },
    {
        "price": "0.64",
        "size": "16.140625",
        "side": "buy",
        "local_timestamp": "1765451222688",
        "timestamp": "1765451222565",
        "asset_price": 90401.82500000001
    },
    {
        "price": "0.64",
        "size": "123.05",
        "side": "buy",
        "local_timestamp": "1765451222757",
        "timestamp": "1765451222636",
        "asset_price": 90401.82500000001
    },
    {
        "price": "0.65",
        "size": "10",
        "side": "buy",
        "local_timestamp": "1765451229245",
        "timestamp": "1765451229125",
        "asset_price": 90401.82500000001
    },
    {
        "price": "0.64",
        "size": "23.44",
        "side": "sell",
        "local_timestamp": "1765451230629",
        "timestamp": "1765451230510",
        "asset_price": 90407.64499999999
    },
    {
        "price": "0.65",
        "size": "10",
        "side": "buy",
        "local_timestamp": "1765451230666",
        "timestamp": "1765451230546",
        "asset_price": 90407.64499999999
    },
    {
        "price": "0.65",
        "size": "18",
        "side": "buy",
        "local_timestamp": "1765451230690",
        "timestamp": "1765451230570",
        "asset_price": 90407.64499999999
    },
    {
        "price": "0.65",
        "size": "18",
        "side": "buy",
        "local_timestamp": "1765451230697",
        "timestamp": "1765451230576",
        "asset_price": 90407.64499999999
    },
    {
        "price": "0.65",
        "size": "18",
        "side": "buy",
        "local_timestamp": "1765451230698",
        "timestamp": "1765451230579",
        "asset_price": 90407.64499999999
    },
    {
        "price": "0.65",
        "size": "18",
        "side": "buy",
        "local_timestamp": "1765451230733",
        "timestamp": "1765451230613",
        "asset_price": 90407.64499999999
    },
    {
        "price": "0.65",
        "size": "28",
        "side": "buy",
        "local_timestamp": "1765451230748",
        "timestamp": "1765451230629",
        "asset_price": 90407.64499999999
    },
    {
        "price": "0.66",
        "size": "6.22",
        "side": "buy",
        "local_timestamp": "1765451240595",
        "timestamp": "1765451240476",
        "asset_price": 90407.655
    },
    {
        "price": "0.66",
        "size": "58.78",
        "side": "buy",
        "local_timestamp": "1765451251920",
        "timestamp": "1765451251801",
        "asset_price": 90412.025
    },
    {
        "price": "0.67",
        "size": "10",
        "side": "buy",
        "local_timestamp": "1765451256057",
        "timestamp": "1765451255937",
        "asset_price": 90417.295
    },
    {
        "price": "0.67",
        "size": "10",
        "side": "buy",
        "local_timestamp": "1765451256203",
        "timestamp": "1765451256084",
        "asset_price": 90417.295
    },
    {
        "price": "0.67",
        "size": "5",
        "side": "buy",
        "local_timestamp": "1765451256484",
        "timestamp": "1765451256362",
        "asset_price": 90417.295
    },
    {
        "price": "0.68",
        "size": "1.691175",
        "side": "buy",
        "local_timestamp": "1765451258025",
        "timestamp": "1765451257901",
        "asset_price": 90417.295
    },
    {
        "price": "0.68",
        "size": "5.88235",
        "side": "buy",
        "local_timestamp": "1765451262061",
        "timestamp": "1765451261942",
        "asset_price": 90417.295
    },
    {
        "price": "0.67",
        "size": "2",
        "side": "buy",
        "local_timestamp": "1765451262805",
        "timestamp": "1765451262686",
        "asset_price": 90417.295
    },
    {
        "price": "0.67",
        "size": "2",
        "side": "buy",
        "local_timestamp": "1765451268911",
        "timestamp": "1765451268791",
        "asset_price": 90412.775
    },
    {
        "price": "0.66",
        "size": "85",
        "side": "sell",
        "local_timestamp": "1765451270215",
        "timestamp": "1765451270094",
        "asset_price": 90412.015
    },
    {
        "price": "0.66",
        "size": "2",
        "side": "buy",
        "local_timestamp": "1765451273644",
        "timestamp": "1765451273525",
        "asset_price": 90394.985
    },
    {
        "price": "0.64",
        "size": "18",
        "side": "buy",
        "local_timestamp": "1765451278985",
        "timestamp": "1765451278866",
        "asset_price": 90394.985
    },
    {
        "price": "0.64",
        "size": "1.765625",
        "side": "buy",
        "local_timestamp": "1765451284720",
        "timestamp": "1765451284601",
        "asset_price": 90394.985
    },
    {
        "price": "0.63",
        "size": "2",
        "side": "buy",
        "local_timestamp": "1765451286968",
        "timestamp": "1765451286849",
        "asset_price": 90385.245
    },
    {
        "price": "0.63",
        "size": "23.809521",
        "side": "buy",
        "local_timestamp": "1765451287315",
        "timestamp": "1765451287195",
        "asset_price": 90385.245
    },
    {
        "price": "0.61",
        "size": "5.12",
        "side": "buy",
        "local_timestamp": "1765451301666",
        "timestamp": "1765451301547",
        "asset_price": 90377.625
    },
    {
        "price": "0.61",
        "size": "1.852458",
        "side": "buy",
        "local_timestamp": "1765451302026",
        "timestamp": "1765451301905",
        "asset_price": 90377.625
    },
    {
        "price": "0.6",
        "size": "70",
        "side": "sell",
        "local_timestamp": "1765451313859",
        "timestamp": "1765451311851",
        "asset_price": 90369.66500000001
    },
    {
        "price": "0.6",
        "size": "25",
        "side": "sell",
        "local_timestamp": "1765451313859",
        "timestamp": "1765451311865",
        "asset_price": 90369.66500000001
    },
    {
        "price": "0.6",
        "size": "15.3",
        "side": "buy",
        "local_timestamp": "1765451313861",
        "timestamp": "1765451313688",
        "asset_price": 90369.66500000001
    },
    {
        "price": "0.6",
        "size": "10",
        "side": "buy",
        "local_timestamp": "1765451317034",
        "timestamp": "1765451316914",
        "asset_price": 90369.66500000001
    },
    {
        "price": "0.59",
        "size": "1.898304",
        "side": "buy",
        "local_timestamp": "1765451353782",
        "timestamp": "1765451353663",
        "asset_price": 90369.66500000001
    },
    {
        "price": "0.59",
        "size": "1.898304",
        "side": "buy",
        "local_timestamp": "1765451360687",
        "timestamp": "1765451360567",
        "asset_price": 90369.66500000001
    },
    {
        "price": "0.58",
        "size": "4.71",
        "side": "buy",
        "local_timestamp": "1765451362749",
        "timestamp": "1765451362628",
        "asset_price": 90361.14499999999
    },
    {
        "price": "0.56",
        "size": "2",
        "side": "sell",
        "local_timestamp": "1765451363900",
        "timestamp": "1765451363719",
        "asset_price": 90351.555
    },
    {
        "price": "0.56",
        "size": "63",
        "side": "sell",
        "local_timestamp": "1765451363922",
        "timestamp": "1765451363802",
        "asset_price": 90351.555
    },
    {
        "price": "0.55",
        "size": "70",
        "side": "sell",
        "local_timestamp": "1765451364782",
        "timestamp": "1765451364663",
        "asset_price": 90345.745
    },
    {
        "price": "0.55",
        "size": "3.3",
        "side": "sell",
        "local_timestamp": "1765451367464",
        "timestamp": "1765451367344",
        "asset_price": 90345.745
    }
]