[
    {
        "price": "0.45",
        "size": "10",
        "side": "buy",
        "local_timestamp": "1765450851157",
        "timestamp": "1765450844521",
        "asset_price": 90303.655
    },
    {
        "price": "0.45",
        "size": "2.444443",
        "side": "buy",
        "local_timestamp": "1765450851169",
        "timestamp": "1765450844721",
        "asset_price": 90303.655
    },
    {
        "price": "0.45",
        "size": "2.444443",
        "side": "buy",
        "local_timestamp": "1765450851169",
        "timestamp": "1765450844729",
        "asset_price": 90303.655
    },
    {
        "price": "0.45",
        "size": "2.444443",
        "side": "buy",
        "local_timestamp": "1765450851169",
        "timestamp": "1765450844739",
        "asset_price": 90303.655
    },
    {
        "price": "0.45",
        "size": "6",
        "side": "buy",
        "local_timestamp": "1765450851170",
        "timestamp": "1765450845238",
        "asset_price": 90303.655
    },
    {
        "price": "0.45",
        "size": "10",
        "side": "buy",
        "local_timestamp": "1765450851178",
        "timestamp": "1765450846401",
        "asset_price": 90303.655
    },
    {
        "price": "0.45",
        "size": "20.05",
        "side": "buy",
        "local_timestamp": "1765450851181",
        "timestamp": "1765450848045",
        "asset_price": 90303.655
    },
    {
        "price": "0.45",
        "size": "20.05",
        "side": "buy",
        "local_timestamp": "1765450851181",
        "timestamp": "1765450848046",
        "asset_price": 90303.655
    },
    {
        "price": "0.45",
        "size": "20.05",
        "side": "buy",
        "local_timestamp": "1765450851181",
        "timestamp": "1765450848050",
        "asset_price": 90303.655
    },
    {
        "price": "0.45",
        "size": "11.47",
        "side": "buy",
        "local_timestamp": "1765450851181",
        "timestamp": "1765450848057",
        "asset_price": 90303.655
    },
    {
        "price": "0.45",
        "size": "20.05",
        "side": "buy",
        "local_timestamp": "1765450851181",
        "timestamp": "1765450848058",
        "asset_price": 90303.655
    },
    {
        "price": "0.45",
        "size": "20.05",
        "side": "buy",
        "local_timestamp": "1765450851181",
        "timestamp": "1765450848059",
        "asset_price": 90303.655
    },
    {
        "price": "0.46",
        "size": "20.05",
        "side": "buy",
        "local_timestamp": "1765450851181",
        "timestamp": "1765450848063",
        "asset_price": 90303.655
    },
    {
        "price": "0.46",
        "size": "20.05",
        "side": "buy",
        "local_timestamp": "1765450851181",
        "timestamp": "1765450848067",
        "asset_price": 90303.655
    },
    {
        "price": "0.46",
        "size": "20.05",
        "side": "buy",
        "local_timestamp": "1765450851181",
        "timestamp": "1765450848071",
        "asset_price": 90303.655
    },
    {
        "price": "0.45",
        "size": "9",
        "side": "sell",
        "local_timestamp": "1765450851182",
        "timestamp": "1765450848617",
        "asset_price": 90303.655
    },
    {
        "price": "0.45",
        "size": "10",
        "side": "sell",
        "local_timestamp": "1765450851182",
        "timestamp": "1765450848632",
        "asset_price": 90303.655
    },
    {
        "price": "0.46",
        "size": "6",
        "side": "buy",
        "local_timestamp": "1765450851185",
        "timestamp": "1765450849130",
        "asset_price": 90303.655
    },
    {
        "price": "0.46",
        "size": "12.89",
        "side": "buy",
        "local_timestamp": "1765450851187",
        "timestamp": "1765450850220",
        "asset_price": 90303.655
    },
    {
        "price": "0.46",
        "size": "12.89",
        "side": "buy",
        "local_timestamp": "1765450851187",
        "timestamp": "1765450850222",
        "asset_price": 90303.655
    },
    {
        "price": "0.46",
        "size": "12.89",
        "side": "buy",
        "local_timestamp": "1765450851187",
        "timestamp": "1765450850226",
        "asset_price": 90303.655
    },
    {
        "price": "0.46",
        "size": "6",
        "side": "buy",
        "local_timestamp": "1765450851547",
        "timestamp": "1765450851417",
        "asset_price": 90303.655
    },
    {
        "price": "0.45",
        "size": "3.78",
        "side": "buy",
        "local_timestamp": "1765450851799",
        "timestamp": "1765450851668",
        "asset_price": 90303.655
    },
    {
        "price": "0.45",
        "size": "6.630433",
        "side": "buy",
        "local_timestamp": "1765450852498",
        "timestamp": "1765450852351",
        "asset_price": 90303.655
    },
    {
        "price": "0.44",
        "size": "7",
        "side": "buy",
        "local_timestamp": "1765450853594",
        "timestamp": "1765450853464",
        "asset_price": 90303.655
    },
    {
        "price": "0.44",
        "size": "7",
        "side": "buy",
        "local_timestamp": "1765450854573",
        "timestamp": "1765450854428",
        "asset_price": 90303.655
    },
    {
        "price": "0.44",
        "size": "6",
        "side": "buy",
        "local_timestamp": "1765450854630",
        "timestamp": "1765450854500",
        "asset_price": 90303.655
    },
    {
        "price": "0.44",
        "size": "7",
        "side": "buy",
        "local_timestamp": "1765450855592",
        "timestamp": "1765450855460",
        "asset_price": 90303.655
    },
    {
        "price": "0.44",
        "size": "6.76",
        "side": "buy",
        "local_timestamp": "1765450856436",
        "timestamp": "1765450856304",
        "asset_price": 90303.655
    },
    {
        "price": "0.45",
        "size": "4",
        "side": "buy",
        "local_timestamp": "1765450857069",
        "timestamp": "1765450856935",
        "asset_price": 90303.655
    },
    {
        "price": "0.44",
        "size": "7",
        "side": "buy",
        "local_timestamp": "1765450857899",
        "timestamp": "1765450857767",
        "asset_price": 90303.655
    },
    {
        "price": "0.44",
        "size": "7",
        "side": "buy",
        "local_timestamp": "1765450858565",
        "timestamp": "1765450858433",
        "asset_price": 90303.655
    },
    {
        "price": "0.43",
        "size": "7",
        "side": "buy",
        "local_timestamp": "1765450859243",
        "timestamp": "1765450859112",
        "asset_price": 90303.655
    },
    {
        "price": "0.44",
        "size": "7",
        "side": "buy",
        "local_timestamp": "1765450859564",
        "timestamp": "1765450859433",
        "asset_price": 90294.025
    },
    {
        "price": "0.42",
        "size": "4",
        "side": "sell",
        "local_timestamp": "1765450859783",
        "timestamp": "1765450859652",
        "asset_price": 90294.025
    },
    {
        "price": "0.42",
        "size": "3",
        "side": "buy",
        "local_timestamp": "1765450860450",
        "timestamp": "1765450860319",
        "asset_price": 90294.025
    },
    {
        "price": "0.42",
        "size": "7",
        "side": "buy",
        "local_timestamp": "1765450860976",
        "timestamp": "1765450860845",
        "asset_price": 90294.025
    },
    {
        "price": "0.42",
        "size": "6",
        "side": "buy",
        "local_timestamp": "1765450861018",
        "timestamp": "1765450860882",
        "asset_price": 90294.025
    },
    {
        "price": "0.42",
        "size": "5",
        "side": "buy",
        "local_timestamp": "1765450861655",
        "timestamp": "1765450861523",
        "asset_price": 90294.025
    },
    {
        "price": "0.42",
        "size": "8",
        "side": "buy",
        "local_timestamp": "1765450861670",
        "timestamp": "1765450861540",
        "asset_price": 90294.025
    },
    {
        "price": "0.42",
        "size": "6",
        "side": "buy",
        "local_timestamp": "1765450862059",
        "timestamp": "1765450861928",
        "asset_price": 90294.025
    },
    {
        "price": "0.41",
        "size": "3.14634",
        "side": "buy",
        "local_timestamp": "1765450862934",
        "timestamp": "1765450862804",
        "asset_price": 90294.025
    },
    {
        "price": "0.42",
        "size": "139.448808",
        "side": "buy",
        "local_timestamp": "1765450863013",
        "timestamp": "1765450862881",
        "asset_price": 90294.025
    },
    {
        "price": "0.42",
        "size": "7",
        "side": "buy",
        "local_timestamp": "1765450863134",
        "timestamp": "1765450863000",
        "asset_price": 90294.025
    },
    {
        "price": "0.41",
        "size": "2.439023",
        "side": "buy",
        "local_timestamp": "1765450863526",
        "timestamp": "1765450863394",
        "asset_price": 90294.025
    },
    {
        "price": "0.41",
        "size": "5",
        "side": "buy",
        "local_timestamp": "1765450864282",
        "timestamp": "1765450864152",
        "asset_price": 90294.025
    },
    {
        "price": "0.41",
        "size": "7.17",
        "side": "buy",
        "local_timestamp": "1765450864598",
        "timestamp": "1765450864467",
        "asset_price": 90294.025
    },
    {
        "price": "0.42",
        "size": "5",
        "side": "buy",
        "local_timestamp": "1765450864822",
        "timestamp": "1765450864688",
        "asset_price": 90294.025
    },
    {
        "price": "0.42",
        "size": "7",
        "side": "buy",
        "local_timestamp": "1765450865187",
        "timestamp": "1765450865054",
        "asset_price": 90294.025
    },
    {
        "price": "0.41",
        "size": "5",
        "side": "buy",
        "local_timestamp": "1765450865818",
        "timestamp": "1765450865686",
        "asset_price": 90294.025
    },
    {
        "price": "0.42",
        "size": "10",
        "side": "buy",
        "local_timestamp": "1765450865967",
        "timestamp": "1765450865769",
        "asset_price": 90294.025
    },
    {
        "price": "0.39",
        "size": "3",
        "side": "sell",
        "local_timestamp": "1765450866300",
        "timestamp": "1765450866167",
        "asset_price": 90294.025
    },
    {
        "price": "0.4",
        "size": "18",
        "side": "buy",
        "local_timestamp": "1765450866496",
        "timestamp": "1765450866366",
        "asset_price": 90294.025
    },
    {
        "price": "0.4",
        "size": "18",
        "side": "buy",
        "local_timestamp": "1765450866646",
        "timestamp": "1765450866515",
        "asset_price": 90294.025
    },
    {
        "price": "0.4",
        "size": "18",
        "side": "buy",
        "local_timestamp": "1765450866651",
        "timestamp": "1765450866520",
        "asset_price": 90294.025
    },
    {
        "price": "0.4",
        "size": "5",
        "side": "buy",
        "local_timestamp": "1765450866681",
        "timestamp": "1765450866538",
        "asset_price": 90294.025
    },
    {
        "price": "0.4",
        "size": "6",
        "side": "buy",
        "local_timestamp": "1765450866681",
        "timestamp": "1765450866547",
        "asset_price": 90294.025
    },
    {
        "price": "0.41",
        "size": "5.12195",
        "side": "buy",
        "local_timestamp": "1765450866814",
        "timestamp": "1765450866684",
        "asset_price": 90294.025
    },
    {
        "price": "0.41",
        "size": "10",
        "side": "buy",
        "local_timestamp": "1765450867520",
        "timestamp": "1765450867389",
        "asset_price": 90294.025
    },
    {
        "price": "0.41",
        "size": "6.05",
        "side": "buy",
        "local_timestamp": "1765450868012",
        "timestamp": "1765450867881",
        "asset_price": 90294.025
    },
    {
        "price": "0.41",
        "size": "5.38",
        "side": "buy",
        "local_timestamp": "1765450868649",
        "timestamp": "1765450868516",
        "asset_price": 90294.025
    },
    {
        "price": "0.39",
        "size": "61",
        "side": "sell",
        "local_timestamp": "1765450869068",
        "timestamp": "1765450868935",
        "asset_price": 90294.025
    },
    {
        "price": "0.38",
        "size": "1.96",
        "side": "sell",
        "local_timestamp": "1765450871367",
        "timestamp": "1765450871231",
        "asset_price": 90289.935
    },
    {
        "price": "0.39",
        "size": "6",
        "side": "buy",
        "local_timestamp": "1765450871396",
        "timestamp": "1765450871262",
        "asset_price": 90289.935
    },
    {
        "price": "0.39",
        "size": "51.28205",
        "side": "buy",
        "local_timestamp": "1765450871799",
        "timestamp": "1765450871669",
        "asset_price": 90289.935
    },
    {
        "price": "0.39",
        "size": "5",
        "side": "buy",
        "local_timestamp": "1765450871879",
        "timestamp": "1765450871745",
        "asset_price": 90289.935
    },
    {
        "price": "0.38",
        "size": "5",
        "side": "buy",
        "local_timestamp": "1765450872419",
        "timestamp": "1765450872289",
        "asset_price": 90289.935
    },
    {
        "price": "0.38",
        "size": "60",
        "side": "buy",
        "local_timestamp": "1765450873760",
        "timestamp": "1765450873629",
        "asset_price": 90289.935
    },
    {
        "price": "0.37",
        "size": "5.38",
        "side": "buy",
        "local_timestamp": "1765450874182",
        "timestamp": "1765450874051",
        "asset_price": 90289.935
    },
    {
        "price": "0.37",
        "size": "6",
        "side": "buy",
        "local_timestamp": "1765450874188",
        "timestamp": "1765450874057",
        "asset_price": 90289.935
    },
    {
        "price": "0.38",
        "size": "2.631577",
        "side": "buy",
        "local_timestamp": "1765450874692",
        "timestamp": "1765450874562",
        "asset_price": 90289.935
    },
    {
        "price": "0.38",
        "size": "5",
        "side": "buy",
        "local_timestamp": "1765450875537",
        "timestamp": "1765450875407",
        "asset_price": 90289.935
    },
    {
        "price": "0.38",
        "size": "5.263156",
        "side": "buy",
        "local_timestamp": "1765450875624",
        "timestamp": "1765450875494",
        "asset_price": 90289.935
    },
    {
        "price": "0.38",
        "size": "5",
        "side": "buy",
        "local_timestamp": "1765450875649",
        "timestamp": "1765450875518",
        "asset_price": 90289.935
    },
    {
        "price": "0.38",
        "size": "10.71",
        "side": "buy",
        "local_timestamp": "1765450876096",
        "timestamp": "1765450875966",
        "asset_price": 90289.935
    },
    {
        "price": "0.38",
        "size": "10.71",
        "side": "buy",
        "local_timestamp": "1765450876102",
        "timestamp": "1765450875970",
        "asset_price": 90289.935
    },
    {
        "price": "0.38",
        "size": "10.71",
        "side": "buy",
        "local_timestamp": "1765450876107",
        "timestamp": "1765450875973",
        "asset_price": 90289.935
    },
    {
        "price": "0.38",
        "size": "10.71",
        "side": "buy",
        "local_timestamp": "1765450876110",
        "timestamp": "1765450875979",
        "asset_price": 90289.935
    },
    {
        "price": "0.38",
        "size": "10.71",
        "side": "buy",
        "local_timestamp": "1765450876112",
        "timestamp": "1765450875982",
        "asset_price": 90289.935
    },
    {
        "price": "0.38",
        "size": "10.71",
        "side": "buy",
        "local_timestamp": "1765450876120",
        "timestamp": "1765450875990",
        "asset_price": 90289.935
    },
    {
        "price": "0.38",
        "size": "10.71",
        "side": "buy",
        "local_timestamp": "1765450876121",
        "timestamp": "1765450875991",
        "asset_price": 90289.935
    },
    {
        "price": "0.38",
        "size": "10.71",
        "side": "buy",
        "local_timestamp": "1765450876131",
        "timestamp": "1765450876001",
        "asset_price": 90289.935
    },
    {
        "price": "0.38",
        "size": "10.71",
        "side": "buy",
        "local_timestamp": "1765450876131",
        "timestamp": "1765450876001",
        "asset_price": 90289.935
    },
    {
        "price": "0.36",
        "size": "15.833332",
        "side": "buy",
        "local_timestamp": "1765450877326",
        "timestamp": "1765450877196",
        "asset_price": 90282.285
    },
    {
        "price": "0.36",
        "size": "110.997836",
        "side": "buy",
        "local_timestamp": "1765450877553",
        "timestamp": "1765450877423",
        "asset_price": 90282.285
    },
    {
        "price": "0.36",
        "size": "36",
        "side": "sell",
        "local_timestamp": "1765450877908",
        "timestamp": "1765450877778",
        "asset_price": 90282.285
    },
    {
        "price": "0.38",
        "size": "6",
        "side": "buy",
        "local_timestamp": "1765450879242",
        "timestamp": "1765450879110",
        "asset_price": 90282.285
    },
    {
        "price": "0.39",
        "size": "5",
        "side": "buy",
        "local_timestamp": "1765450884528",
        "timestamp": "1765450884398",
        "asset_price": 90289.935
    },
    {
        "price": "0.39",
        "size": "40",
        "side": "sell",
        "local_timestamp": "1765450885114",
        "timestamp": "1765450884983",
        "asset_price": 90289.935
    },
    {
        "price": "0.39",
        "size": "6",
        "side": "sell",
        "local_timestamp": "1765450885178",
        "timestamp": "1765450885048",
        "asset_price": 90289.935
    },
    {
        "price": "0.39",
        "size": "15",
        "side": "buy",
        "local_timestamp": "1765450885335",
        "timestamp": "1765450885204",
        "asset_price": 90289.935
    },
    {
        "price": "0.39",
        "size": "15",
        "side": "buy",
        "local_timestamp": "1765450885898",
        "timestamp": "1765450885768",
        "asset_price": 90289.935
    },
    {
        "price": "0.39",
        "size": "6",
        "side": "buy",
        "local_timestamp": "1765450887369",
        "timestamp": "1765450887239",
        "asset_price": 90289.935
    },
    {
        "price": "0.39",
        "size": "6",
        "side": "buy",
        "local_timestamp": "1765450887718",
        "timestamp": "1765450887588",
        "asset_price": 90289.935
    },
    {
        "price": "0.4",
        "size": "5",
        "side": "buy",
        "local_timestamp": "1765450888180",
        "timestamp": "1765450888047",
        "asset_price": 90289.935
    },
    {
        "price": "0.4",
        "size": "6",
        "side": "buy",
        "local_timestamp": "1765450888970",
        "timestamp": "1765450888832",
        "asset_price": 90289.935
    },
    {
        "price": "0.4",
        "size": "6",
        "side": "buy",
        "local_timestamp": "1765450890078",
        "timestamp": "1765450889948",
        "asset_price": 90301.42499999999
    },
    {
        "price": "0.41",
        "size": "10.658535",
        "side": "buy",
        "local_timestamp": "1765450890368",
        "timestamp": "1765450890234",
        "asset_price": 90301.42499999999
    },
    {
        "price": "0.41",
        "size": "0.34",
        "side": "buy",
        "local_timestamp": "1765450890473",
        "timestamp": "1765450890343",
        "asset_price": 90301.42499999999
    },
    {
        "price": "0.42",
        "size": "23.5",
        "side": "buy",
        "local_timestamp": "1765450890976",
        "timestamp": "1765450890652",
        "asset_price": 90301.42499999999
    },
    {
        "price": "0.44",
        "size": "11.136362",
        "side": "buy",
        "local_timestamp": "1765450891970",
        "timestamp": "1765450891838",
        "asset_price": 90312.295
    },
    {
        "price": "0.44",
        "size": "5.36",
        "side": "buy",
        "local_timestamp": "1765450891975",
        "timestamp": "1765450891844",
        "asset_price": 90312.295
    },
    {
        "price": "0.45",
        "size": "34",
        "side": "buy",
        "local_timestamp": "1765450891985",
        "timestamp": "1765450891855",
        "asset_price": 90312.295
    },
    {
        "price": "0.44",
        "size": "5",
        "side": "sell",
        "local_timestamp": "1765450892005",
        "timestamp": "1765450891874",
        "asset_price": 90312.295
    },
    {
        "price": "0.46",
        "size": "51.5",
        "side": "buy",
        "local_timestamp": "1765450892016",
        "timestamp": "1765450891885",
        "asset_price": 90312.295
    },
    {
        "price": "0.47",
        "size": "96",
        "side": "buy",
        "local_timestamp": "1765450892125",
        "timestamp": "1765450891990",
        "asset_price": 90312.295
    },
    {
        "price": "0.47",
        "size": "5",
        "side": "sell",
        "local_timestamp": "1765450892701",
        "timestamp": "1765450892571",
        "asset_price": 90312.295
    },
    {
        "price": "0.48",
        "size": "6",
        "side": "buy",
        "local_timestamp": "1765450892845",
        "timestamp": "1765450892715",
        "asset_price": 90312.295
    },
    {
        "price": "0.48",
        "size": "6",
        "side": "buy",
        "local_timestamp": "1765450892848",
        "timestamp": "1765450892718",
        "asset_price": 90312.295
    },
    {
        "price": "0.47",
        "size": "5.7",
        "side": "sell",
        "local_timestamp": "1765450892918",
        "timestamp": "1765450892787",
        "asset_price": 90312.295
    },
    {
        "price": "0.48",
        "size": "5",
        "side": "buy",
        "local_timestamp": "1765450893414",
        "timestamp": "1765450893284",
        "asset_price": 90312.295
    },
    {
        "price": "0.48",
        "size": "5",
        "side": "buy",
        "local_timestamp": "1765450893414",
        "timestamp": "1765450893284",
        "asset_price": 90312.295
    },
    {
        "price": "0.48",
        "size": "6",
        "side": "buy",
        "local_timestamp": "1765450893482",
        "timestamp": "1765450893352",
        "asset_price": 90312.295
    },
    {
        "price": "0.48",
        "size": "3.83",
        "side": "buy",
        "local_timestamp": "1765450894488",
        "timestamp": "1765450894354",
        "asset_price": 90328.015
    },
    {
        "price": "0.49",
        "size": "11.020407",
        "side": "buy",
        "local_timestamp": "1765450894500",
        "timestamp": "1765450894360",
        "asset_price": 90328.015
    },
    {
        "price": "0.49",
        "size": "12",
        "side": "buy",
        "local_timestamp": "1765450894676",
        "timestamp": "1765450894545",
        "asset_price": 90328.015
    },
    {
        "price": "0.49",
        "size": "16.387754",
        "side": "buy",
        "local_timestamp": "1765450894684",
        "timestamp": "1765450894554",
        "asset_price": 90328.015
    },
    {
        "price": "0.5",
        "size": "16.2382",
        "side": "buy",
        "local_timestamp": "1765450894692",
        "timestamp": "1765450894559",
        "asset_price": 90328.015
    },
    {
        "price": "0.5",
        "size": "16.44",
        "side": "buy",
        "local_timestamp": "1765450894717",
        "timestamp": "1765450894586",
        "asset_price": 90328.015
    },
    {
        "price": "0.5",
        "size": "1500",
        "side": "buy",
        "local_timestamp": "1765450894721",
        "timestamp": "1765450894591",
        "asset_price": 90328.015
    },
    {
        "price": "0.5",
        "size": "510",
        "side": "buy",
        "local_timestamp": "1765450894725",
        "timestamp": "1765450894594",
        "asset_price": 90328.015
    },
    {
        "price": "0.5",
        "size": "500",
        "side": "buy",
        "local_timestamp": "1765450894725",
        "timestamp": "1765450894594",
        "asset_price": 90328.015
    },
    {
        "price": "0.5",
        "size": "1530",
        "side": "buy",
        "local_timestamp": "1765450894732",
        "timestamp": "1765450894602",
        "asset_price": 90328.015
    },
    {
        "price": "0.51",
        "size": "509.80392",
        "side": "buy",
        "local_timestamp": "1765450894796",
        "timestamp": "1765450894666",
        "asset_price": 90328.015
    },
    {
        "price": "0.51",
        "size": "519.607842",
        "side": "buy",
        "local_timestamp": "1765450894796",
        "timestamp": "1765450894666",
        "asset_price": 90328.015
    },
    {
        "price": "0.5",
        "size": "28.57",
        "side": "buy",
        "local_timestamp": "1765450894817",
        "timestamp": "1765450894687",
        "asset_price": 90328.015
    },
    {
        "price": "0.52",
        "size": "25.53",
        "side": "buy",
        "local_timestamp": "1765450894826",
        "timestamp": "1765450894694",
        "asset_price": 90333.995
    },
    {
        "price": "0.51",
        "size": "1527.807883",
        "side": "buy",
        "local_timestamp": "1765450894828",
        "timestamp": "1765450894696",
        "asset_price": 90336.64499999999
    },
    {
        "price": "0.52",
        "size": "5",
        "side": "sell",
        "local_timestamp": "1765450894844",
        "timestamp": "1765450894712",
        "asset_price": 90339.025
    },
    {
        "price": "0.53",
        "size": "20",
        "side": "buy",
        "local_timestamp": "1765450894934",
        "timestamp": "1765450894803",
        "asset_price": 90339.025
    },
    {
        "price": "0.53",
        "size": "6.226414",
        "side": "buy",
        "local_timestamp": "1765450894949",
        "timestamp": "1765450894815",
        "asset_price": 90339.025
    },
    {
        "price": "0.53",
        "size": "88.57",
        "side": "buy",
        "local_timestamp": "1765450895302",
        "timestamp": "1765450895171",
        "asset_price": 90339.025
    },
    {
        "price": "0.52",
        "size": "5",
        "side": "sell",
        "local_timestamp": "1765450895593",
        "timestamp": "1765450895457",
        "asset_price": 90339.025
    },
    {
        "price": "0.53",
        "size": "18",
        "side": "buy",
        "local_timestamp": "1765450895600",
        "timestamp": "1765450895469",
        "asset_price": 90339.025
    },
    {
        "price": "0.54",
        "size": "9.833332",
        "side": "buy",
        "local_timestamp": "1765450895613",
        "timestamp": "1765450895481",
        "asset_price": 90339.025
    },
    {
        "price": "0.54",
        "size": "16.203702",
        "side": "buy",
        "local_timestamp": "1765450895613",
        "timestamp": "1765450895482",
        "asset_price": 90339.025
    },
    {
        "price": "0.56",
        "size": "67.85",
        "side": "buy",
        "local_timestamp": "1765450895653",
        "timestamp": "1765450895522",
        "asset_price": 90339.025
    },
    {
        "price": "0.57",
        "size": "509.403506",
        "side": "buy",
        "local_timestamp": "1765450895653",
        "timestamp": "1765450895522",
        "asset_price": 90339.025
    },
    {
        "price": "0.55",
        "size": "197.31",
        "side": "buy",
        "local_timestamp": "1765450895660",
        "timestamp": "1765450895530",
        "asset_price": 90339.025
    },
    {
        "price": "0.57",
        "size": "813.92",
        "side": "buy",
        "local_timestamp": "1765450895666",
        "timestamp": "1765450895536",
        "asset_price": 90339.025
    },
    {
        "price": "0.56",
        "size": "35.931033",
        "side": "buy",
        "local_timestamp": "1765450895668",
        "timestamp": "1765450895537",
        "asset_price": 90339.025
    },
    {
        "price": "0.58",
        "size": "40",
        "side": "buy",
        "local_timestamp": "1765450895683",
        "timestamp": "1765450895553",
        "asset_price": 90339.025
    },
    {
        "price": "0.58",
        "size": "5",
        "side": "buy",
        "local_timestamp": "1765450895868",
        "timestamp": "1765450895736",
        "asset_price": 90339.025
    },
    {
        "price": "0.52",
        "size": "6",
        "side": "buy",
        "local_timestamp": "1765450897382",
        "timestamp": "1765450897250",
        "asset_price": 90335.08499999999
    },
    {
        "price": "0.51",
        "size": "5",
        "side": "buy",
        "local_timestamp": "1765450898069",
        "timestamp": "1765450897938",
        "asset_price": 90335.08499999999
    },
    {
        "price": "0.5",
        "size": "406.862744",
        "side": "buy",
        "local_timestamp": "1765450898435",
        "timestamp": "1765450898305",
        "asset_price": 90335.08499999999
    },
    {
        "price": "0.48",
        "size": "5",
        "side": "sell",
        "local_timestamp": "1765450898890",
        "timestamp": "1765450898759",
        "asset_price": 90335.08499999999
    },
    {
        "price": "0.5",
        "size": "5",
        "side": "buy",
        "local_timestamp": "1765450899069",
        "timestamp": "1765450898939",
        "asset_price": 90335.08499999999
    },
    {
        "price": "0.51",
        "size": "15",
        "side": "buy",
        "local_timestamp": "1765450899484",
        "timestamp": "1765450899354",
        "asset_price": 90335.08499999999
    },
    {
        "price": "0.51",
        "size": "20",
        "side": "buy",
        "local_timestamp": "1765450900647",
        "timestamp": "1765450900516",
        "asset_price": 90335.08499999999
    },
    {
        "price": "0.51",
        "size": "15",
        "side": "buy",
        "local_timestamp": "1765450900651",
        "timestamp": "1765450900519",
        "asset_price": 90335.08499999999
    },
    {
        "price": "0.52",
        "size": "1",
        "side": "buy",
        "local_timestamp": "1765450901665",
        "timestamp": "1765450901532",
        "asset_price": 90335.08499999999
    },
    {
        "price": "0.5",
        "size": "60",
        "side": "sell",
        "local_timestamp": "1765450901841",
        "timestamp": "1765450901711",
        "asset_price": 90335.08499999999
    },
    {
        "price": "0.52",
        "size": "8",
        "side": "sell",
        "local_timestamp": "1765450902975",
        "timestamp": "1765450902844",
        "asset_price": 90335.08499999999
    },
    {
        "price": "0.52",
        "size": "5",
        "side": "buy",
        "local_timestamp": "1765450903410",
        "timestamp": "1765450903278",
        "asset_price": 90335.08499999999
    },
    {
        "price": "0.52",
        "size": "1.923075",
        "side": "buy",
        "local_timestamp": "1765450903791",
        "timestamp": "1765450903659",
        "asset_price": 90335.08499999999
    },
    {
        "price": "0.53",
        "size": "158.07",
        "side": "buy",
        "local_timestamp": "1765450904048",
        "timestamp": "1765450903917",
        "asset_price": 90335.08499999999
    },
    {
        "price": "0.54",
        "size": "5",
        "side": "buy",
        "local_timestamp": "1765450904909",
        "timestamp": "1765450904777",
        "asset_price": 90335.08499999999
    },
    {
        "price": "0.52",
        "size": "15.83",
        "side": "sell",
        "local_timestamp": "1765450906662",
        "timestamp": "1765450906531",
        "asset_price": 90335.08499999999
    },
    {
        "price": "0.52",
        "size": "5",
        "side": "buy",
        "local_timestamp": "1765450907458",
        "timestamp": "1765450907327",
        "asset_price": 90335.08499999999
    },
    {
        "price": "0.52",
        "size": "1.923075",
        "side": "buy",
        "local_timestamp": "1765450907619",
        "timestamp": "1765450907488",
        "asset_price": 90335.08499999999
    },
    {
        "price": "0.52",
        "size": "1.923075",
        "side": "buy",
        "local_timestamp": "1765450909133",
        "timestamp": "1765450909001",
        "asset_price": 90335.08499999999
    },
    {
        "price": "0.52",
        "size": "1.923075",
        "side": "buy",
        "local_timestamp": "1765450909706",
        "timestamp": "1765450909575",
        "asset_price": 90327.285
    },
    {
        "price": "0.51",
        "size": "50.980391",
        "side": "buy",
        "local_timestamp": "1765450910386",
        "timestamp": "1765450910254",
        "asset_price": 90327.285
    },
    {
        "price": "0.51",
        "size": "1.960783",
        "side": "buy",
        "local_timestamp": "1765450910456",
        "timestamp": "1765450910326",
        "asset_price": 90327.285
    },
    {
        "price": "0.49",
        "size": "5",
        "side": "buy",
        "local_timestamp": "1765450911319",
        "timestamp": "1765450911186",
        "asset_price": 90327.285
    },
    {
        "price": "0.49",
        "size": "5",
        "side": "buy",
        "local_timestamp": "1765450912068",
        "timestamp": "1765450911935",
        "asset_price": 90327.285
    },
    {
        "price": "0.48",
        "size": "20",
        "side": "sell",
        "local_timestamp": "1765450913202",
        "timestamp": "1765450913071",
        "asset_price": 90319.185
    },
    {
        "price": "0.49",
        "size": "18",
        "side": "buy",
        "local_timestamp": "1765450913202",
        "timestamp": "1765450913071",
        "asset_price": 90319.185
    },
    {
        "price": "0.48",
        "size": "30",
        "side": "sell",
        "local_timestamp": "1765450913206",
        "timestamp": "1765450913076",
        "asset_price": 90319.185
    },
    {
        "price": "0.48",
        "size": "40",
        "side": "sell",
        "local_timestamp": "1765450913237",
        "timestamp": "1765450913107",
        "asset_price": 90319.185
    },
    {
        "price": "0.46",
        "size": "35.9",
        "side": "sell",
        "local_timestamp": "1765450913312",
        "timestamp": "1765450913181",
        "asset_price": 90319.185
    },
    {
        "price": "0.45",
        "size": "40",
        "side": "sell",
        "local_timestamp": "1765450913532",
        "timestamp": "1765450913393",
        "asset_price": 90319.185
    },
    {
        "price": "0.47",
        "size": "3",
        "side": "buy",
        "local_timestamp": "1765450913900",
        "timestamp": "1765450913769",
        "asset_price": 90319.185
    },
    {
        "price": "0.47",
        "size": "5",
        "side": "buy",
        "local_timestamp": "1765450914657",
        "timestamp": "1765450914528",
        "asset_price": 90319.185
    },
    {
        "price": "0.47",
        "size": "18",
        "side": "buy",
        "local_timestamp": "1765450914792",
        "timestamp": "1765450914662",
        "asset_price": 90319.185
    },
    {
        "price": "0.47",
        "size": "5",
        "side": "buy",
        "local_timestamp": "1765450915088",
        "timestamp": "1765450914958",
        "asset_price": 90319.185
    },
    {
        "price": "0.46",
        "size": "5",
        "side": "buy",
        "local_timestamp": "1765450915561",
        "timestamp": "1765450915431",
        "asset_price": 90319.185
    },
    {
        "price": "0.46",
        "size": "25",
        "side": "buy",
        "local_timestamp": "1765450915745",
        "timestamp": "1765450915614",
        "asset_price": 90319.185
    },
    {
        "price": "0.46",
        "size": "5",
        "side": "buy",
        "local_timestamp": "1765450916096",
        "timestamp": "1765450915965",
        "asset_price": 90319.185
    },
    {
        "price": "0.48",
        "size": "3",
        "side": "buy",
        "local_timestamp": "1765450916531",
        "timestamp": "1765450916399",
        "asset_price": 90319.185
    },
    {
        "price": "0.47",
        "size": "5",
        "side": "buy",
        "local_timestamp": "1765450916650",
        "timestamp": "1765450916519",
        "asset_price": 90319.185
    },
    {
        "price": "0.45",
        "size": "17.43",
        "side": "sell",
        "local_timestamp": "1765450917540",
        "timestamp": "1765450917408",
        "asset_price": 90319.185
    },
    {
        "price": "0.46",
        "size": "5",
        "side": "buy",
        "local_timestamp": "1765450918409",
        "timestamp": "1765450918278",
        "asset_price": 90319.185
    },
    {
        "price": "0.46",
        "size": "1",
        "side": "buy",
        "local_timestamp": "1765450918621",
        "timestamp": "1765450918490",
        "asset_price": 90319.185
    },
    {
        "price": "0.47",
        "size": "3",
        "side": "buy",
        "local_timestamp": "1765450919048",
        "timestamp": "1765450918917",
        "asset_price": 90319.185
    },
    {
        "price": "0.45",
        "size": "8",
        "side": "buy",
        "local_timestamp": "1765450920378",
        "timestamp": "1765450920248",
        "asset_price": 90319.185
    },
    {
        "price": "0.46",
        "size": "2.173912",
        "side": "buy",
        "local_timestamp": "1765450920388",
        "timestamp": "1765450920257",
        "asset_price": 90319.185
    },
    {
        "price": "0.45",
        "size": "20",
        "side": "buy",
        "local_timestamp": "1765450921259",
        "timestamp": "1765450921126",
        "asset_price": 90310.155
    },
    {
        "price": "0.45",
        "size": "151",
        "side": "buy",
        "local_timestamp": "1765450921464",
        "timestamp": "1765450921334",
        "asset_price": 90310.155
    },
    {
        "price": "0.44",
        "size": "5",
        "side": "buy",
        "local_timestamp": "1765450922320",
        "timestamp": "1765450922184",
        "asset_price": 90310.155
    },
    {
        "price": "0.45",
        "size": "3",
        "side": "buy",
        "local_timestamp": "1765450922459",
        "timestamp": "1765450922329",
        "asset_price": 90310.155
    },
    {
        "price": "0.45",
        "size": "3",
        "side": "buy",
        "local_timestamp": "1765450922517",
        "timestamp": "1765450922386",
        "asset_price": 90310.155
    },
    {
        "price": "0.45",
        "size": "10.57",
        "side": "buy",
        "local_timestamp": "1765450923345",
        "timestamp": "1765450923212",
        "asset_price": 90310.155
    },
    {
        "price": "0.45",
        "size": "10.57",
        "side": "buy",
        "local_timestamp": "1765450923348",
        "timestamp": "1765450923215",
        "asset_price": 90310.155
    },
    {
        "price": "0.45",
        "size": "10.57",
        "side": "buy",
        "local_timestamp": "1765450923348",
        "timestamp": "1765450923215",
        "asset_price": 90310.155
    },
    {
        "price": "0.45",
        "size": "10.57",
        "side": "buy",
        "local_timestamp": "1765450923352",
        "timestamp": "1765450923220",
        "asset_price": 90310.155
    },
    {
        "price": "0.45",
        "size": "10.57",
        "side": "buy",
        "local_timestamp": "1765450923352",
        "timestamp": "1765450923222",
        "asset_price": 90310.155
    },
    {
        "price": "0.45",
        "size": "100",
        "side": "buy",
        "local_timestamp": "1765450923364",
        "timestamp": "1765450923228",
        "asset_price": 90310.155
    },
    {
        "price": "0.45",
        "size": "11.222221",
        "side": "buy",
        "local_timestamp": "1765450924768",
        "timestamp": "1765450924637",
        "asset_price": 90310.155
    },
    {
        "price": "0.45",
        "size": "5",
        "side": "buy",
        "local_timestamp": "1765450925040",
        "timestamp": "1765450924909",
        "asset_price": 90310.155
    },
    {
        "price": "0.45",
        "size": "2.222221",
        "side": "buy",
        "local_timestamp": "1765450925747",
        "timestamp": "1765450925617",
        "asset_price": 90310.155
    },
    {
        "price": "0.44",
        "size": "5.113635",
        "side": "buy",
        "local_timestamp": "1765450925776",
        "timestamp": "1765450925646",
        "asset_price": 90310.155
    },
    {
        "price": "0.45",
        "size": "5",
        "side": "buy",
        "local_timestamp": "1765450925854",
        "timestamp": "1765450925723",
        "asset_price": 90310.155
    },
    {
        "price": "0.45",
        "size": "10",
        "side": "buy",
        "local_timestamp": "1765450926294",
        "timestamp": "1765450926162",
        "asset_price": 90310.155
    },
    {
        "price": "0.45",
        "size": "6.22",
        "side": "buy",
        "local_timestamp": "1765450926362",
        "timestamp": "1765450926231",
        "asset_price": 90310.155
    },
    {
        "price": "0.45",
        "size": "163.2",
        "side": "buy",
        "local_timestamp": "1765450926486",
        "timestamp": "1765450926355",
        "asset_price": 90310.155
    },
    {
        "price": "0.46",
        "size": "6",
        "side": "buy",
        "local_timestamp": "1765450927107",
        "timestamp": "1765450926977",
        "asset_price": 90310.155
    },
    {
        "price": "0.45",
        "size": "10",
        "side": "buy",
        "local_timestamp": "1765450927880",
        "timestamp": "1765450927749",
        "asset_price": 90310.155
    },
    {
        "price": "0.46",
        "size": "628.42",
        "side": "buy",
        "local_timestamp": "1765450931010",
        "timestamp": "1765450930880",
        "asset_price": 90310.155
    },
    {
        "price": "0.46",
        "size": "52.55",
        "side": "buy",
        "local_timestamp": "1765450932375",
        "timestamp": "1765450932244",
        "asset_price": 90310.155
    },
    {
        "price": "0.46",
        "size": "52.55",
        "side": "buy",
        "local_timestamp": "1765450932375",
        "timestamp": "1765450932246",
        "asset_price": 90310.155
    },
    {
        "price": "0.46",
        "size": "52.55",
        "side": "buy",
        "local_timestamp": "1765450932376",
        "timestamp": "1765450932246",
        "asset_price": 90310.155
    },
    {
        "price": "0.46",
        "size": "52.55",
        "side": "buy",
        "local_timestamp": "1765450932379",
        "timestamp": "1765450932248",
        "asset_price": 90310.155
    },
    {
        "price": "0.46",
        "size": "4.8",
        "side": "buy",
        "local_timestamp": "1765450932386",
        "timestamp": "1765450932256",
        "asset_price": 90310.155
    },
    {
        "price": "0.46",
        "size": "10",
        "side": "sell",
        "local_timestamp": "1765450933881",
        "timestamp": "1765450933750",
        "asset_price": 90310.155
    },
    {
        "price": "0.47",
        "size": "3.063828",
        "side": "buy",
        "local_timestamp": "1765450934459",
        "timestamp": "1765450934329",
        "asset_price": 90310.155
    },
    {
        "price": "0.47",
        "size": "21.276594",
        "side": "buy",
        "local_timestamp": "1765450936201",
        "timestamp": "1765450936067",
        "asset_price": 90310.155
    },
    {
        "price": "0.47",
        "size": "19.57",
        "side": "buy",
        "local_timestamp": "1765450937266",
        "timestamp": "1765450937136",
        "asset_price": 90310.155
    },
    {
        "price": "0.47",
        "size": "4.255318",
        "side": "buy",
        "local_timestamp": "1765450937284",
        "timestamp": "1765450937154",
        "asset_price": 90310.155
    },
    {
        "price": "0.46",
        "size": "19.43",
        "side": "buy",
        "local_timestamp": "1765450939080",
        "timestamp": "1765450938949",
        "asset_price": 90310.155
    },
    {
        "price": "0.46",
        "size": "19.43",
        "side": "buy",
        "local_timestamp": "1765450939081",
        "timestamp": "1765450938950",
        "asset_price": 90310.155
    },
    {
        "price": "0.46",
        "size": "19.43",
        "side": "buy",
        "local_timestamp": "1765450939086",
        "timestamp": "1765450938954",
        "asset_price": 90310.155
    },
    {
        "price": "0.46",
        "size": "19.43",
        "side": "buy",
        "local_timestamp": "1765450939091",
        "timestamp": "1765450938959",
        "asset_price": 90310.155
    },
    {
        "price": "0.46",
        "size": "19.43",
        "side": "buy",
        "local_timestamp": "1765450939094",
        "timestamp": "1765450938962",
        "asset_price": 90310.155
    },
    {
        "price": "0.46",
        "size": "1.85",
        "side": "buy",
        "local_timestamp": "1765450939094",
        "timestamp": "1765450938963",
        "asset_price": 90310.155
    },
    {
        "price": "0.46",
        "size": "6.521738",
        "side": "buy",
        "local_timestamp": "1765450941146",
        "timestamp": "1765450940996",
        "asset_price": 90310.155
    },
    {
        "price": "0.46",
        "size": "11.65",
        "side": "buy",
        "local_timestamp": "1765450942000",
        "timestamp": "1765450941869",
        "asset_price": 90310.155
    },
    {
        "price": "0.46",
        "size": "2.82",
        "side": "buy",
        "local_timestamp": "1765450942004",
        "timestamp": "1765450941873",
        "asset_price": 90310.155
    },
    {
        "price": "0.47",
        "size": "5",
        "side": "buy",
        "local_timestamp": "1765450942153",
        "timestamp": "1765450942023",
        "asset_price": 90310.155
    },
    {
        "price": "0.45",
        "size": "5",
        "side": "buy",
        "local_timestamp": "1765450943368",
        "timestamp": "1765450943236",
        "asset_price": 90310.155
    },
    {
        "price": "0.45",
        "size": "5",
        "side": "buy",
        "local_timestamp": "1765450943415",
        "timestamp": "1765450943283",
        "asset_price": 90310.155
    },
    {
        "price": "0.45",
        "size": "5",
        "side": "buy",
        "local_timestamp": "1765450944055",
        "timestamp": "1765450943923",
        "asset_price": 90310.155
    },
    {
        "price": "0.45",
        "size": "5",
        "side": "buy",
        "local_timestamp": "1765450944727",
        "timestamp": "1765450944592",
        "asset_price": 90310.155
    },
    {
        "price": "0.45",
        "size": "11.5",
        "side": "buy",
        "local_timestamp": "1765450944953",
        "timestamp": "1765450944812",
        "asset_price": 90310.155
    },
    {
        "price": "0.45",
        "size": "5",
        "side": "buy",
        "local_timestamp": "1765450945343",
        "timestamp": "1765450945212",
        "asset_price": 90310.155
    },
    {
        "price": "0.45",
        "size": "5",
        "side": "buy",
        "local_timestamp": "1765450945460",
        "timestamp": "1765450945329",
        "asset_price": 90310.155
    },
    {
        "price": "0.45",
        "size": "2.222221",
        "side": "buy",
        "local_timestamp": "1765450945733",
        "timestamp": "1765450945603",
        "asset_price": 90310.155
    },
    {
        "price": "0.44",
        "size": "5",
        "side": "buy",
        "local_timestamp": "1765450946124",
        "timestamp": "1765450945993",
        "asset_price": 90310.155
    },
    {
        "price": "0.44",
        "size": "42.89",
        "side": "buy",
        "local_timestamp": "1765450946517",
        "timestamp": "1765450946301",
        "asset_price": 90310.155
    },
    {
        "price": "0.45",
        "size": "5",
        "side": "buy",
        "local_timestamp": "1765450946811",
        "timestamp": "1765450946680",
        "asset_price": 90310.155
    },
    {
        "price": "0.44",
        "size": "3",
        "side": "buy",
        "local_timestamp": "1765450947514",
        "timestamp": "1765450947379",
        "asset_price": 90310.155
    },
    {
        "price": "0.44",
        "size": "5",
        "side": "buy",
        "local_timestamp": "1765450947518",
        "timestamp": "1765450947384",
        "asset_price": 90310.155
    },
    {
        "price": "0.44",
        "size": "11.11",
        "side": "buy",
        "local_timestamp": "1765450947525",
        "timestamp": "1765450947392",
        "asset_price": 90310.155
    },
    {
        "price": "0.45",
        "size": "5",
        "side": "buy",
        "local_timestamp": "1765450948186",
        "timestamp": "1765450948047",
        "asset_price": 90310.155
    },
    {
        "price": "0.44",
        "size": "5",
        "side": "buy",
        "local_timestamp": "1765450948922",
        "timestamp": "1765450948791",
        "asset_price": 90310.155
    },
    {
        "price": "0.44",
        "size": "11.36",
        "side": "buy",
        "local_timestamp": "1765450949462",
        "timestamp": "1765450949324",
        "asset_price": 90310.155
    },
    {
        "price": "0.45",
        "size": "10.214221",
        "side": "buy",
        "local_timestamp": "1765450949622",
        "timestamp": "1765450949491",
        "asset_price": 90310.155
    },
    {
        "price": "0.45",
        "size": "22.333332",
        "side": "buy",
        "local_timestamp": "1765450949691",
        "timestamp": "1765450949561",
        "asset_price": 90310.155
    },
    {
        "price": "0.43",
        "size": "2.883719",
        "side": "buy",
        "local_timestamp": "1765450950653",
        "timestamp": "1765450950523",
        "asset_price": 90310.155
    },
    {
        "price": "0.43",
        "size": "7.11",
        "side": "buy",
        "local_timestamp": "1765450950836",
        "timestamp": "1765450950705",
        "asset_price": 90310.155
    },
    {
        "price": "0.44",
        "size": "10",
        "side": "buy",
        "local_timestamp": "1765450951743",
        "timestamp": "1765450950968",
        "asset_price": 90310.155
    },
    {
        "price": "0.45",
        "size": "6",
        "side": "buy",
        "local_timestamp": "1765450952303",
        "timestamp": "1765450952172",
        "asset_price": 90310.155
    },
    {
        "price": "0.44",
        "size": "6",
        "side": "buy",
        "local_timestamp": "1765450953699",
        "timestamp": "1765450953568",
        "asset_price": 90310.155
    },
    {
        "price": "0.44",
        "size": "6",
        "side": "sell",
        "local_timestamp": "1765450958524",
        "timestamp": "1765450958394",
        "asset_price": 90310.155
    },
    {
        "price": "0.44",
        "size": "11",
        "side": "buy",
        "local_timestamp": "1765450959069",
        "timestamp": "1765450958939",
        "asset_price": 90310.155
    },
    {
        "price": "0.45",
        "size": "50",
        "side": "buy",
        "local_timestamp": "1765450960617",
        "timestamp": "1765450960486",
        "asset_price": 90310.155
    },
    {
        "price": "0.45",
        "size": "50",
        "side": "buy",
        "local_timestamp": "1765450960910",
        "timestamp": "1765450960779",
        "asset_price": 90310.155
    },
    {
        "price": "0.45",
        "size": "12",
        "side": "sell",
        "local_timestamp": "1765450961196",
        "timestamp": "1765450961066",
        "asset_price": 90310.155
    },
    {
        "price": "0.46",
        "size": "5.434781",
        "side": "buy",
        "local_timestamp": "1765450962421",
        "timestamp": "1765450962289",
        "asset_price": 90310.155
    },
    {
        "price": "0.45",
        "size": "5",
        "side": "buy",
        "local_timestamp": "1765450963019",
        "timestamp": "1765450962889",
        "asset_price": 90310.155
    },
    {
        "price": "0.45",
        "size": "10",
        "side": "sell",
        "local_timestamp": "1765450963756",
        "timestamp": "1765450963625",
        "asset_price": 90310.155
    },
    {
        "price": "0.44",
        "size": "6",
        "side": "sell",
        "local_timestamp": "1765450964505",
        "timestamp": "1765450964374",
        "asset_price": 90310.155
    },
    {
        "price": "0.44",
        "size": "2.43",
        "side": "sell",
        "local_timestamp": "1765450965996",
        "timestamp": "1765450965866",
        "asset_price": 90310.155
    },
    {
        "price": "0.44",
        "size": "3",
        "side": "buy",
        "local_timestamp": "1765450967715",
        "timestamp": "1765450967583",
        "asset_price": 90310.155
    },
    {
        "price": "0.44",
        "size": "6",
        "side": "sell",
        "local_timestamp": "1765450968702",
        "timestamp": "1765450968571",
        "asset_price": 90310.155
    },
    {
        "price": "0.44",
        "size": "6",
        "side": "sell",
        "local_timestamp": "1765450970935",
        "timestamp": "1765450970804",
        "asset_price": 90310.155
    },
    {
        "price": "0.44",
        "size": "5",
        "side": "sell",
        "local_timestamp": "1765450972299",
        "timestamp": "1765450972168",
        "asset_price": 90310.155
    },
    {
        "price": "0.44",
        "size": "6",
        "side": "sell",
        "local_timestamp": "1765450973265",
        "timestamp": "1765450973070",
        "asset_price": 90310.155
    },
    {
        "price": "0.44",
        "size": "6",
        "side": "sell",
        "local_timestamp": "1765450975438",
        "timestamp": "1765450975307",
        "asset_price": 90310.155
    },
    {
        "price": "0.39",
        "size": "16",
        "side": "buy",
        "local_timestamp": "1765450979039",
        "timestamp": "1765450978907",
        "asset_price": 90297.275
    },
    {
        "price": "0.39",
        "size": "9.8",
        "side": "buy",
        "local_timestamp": "1765450979064",
        "timestamp": "1765450978932",
        "asset_price": 90297.275
    },
    {
        "price": "0.39",
        "size": "16",
        "side": "buy",
        "local_timestamp": "1765450979073",
        "timestamp": "1765450978942",
        "asset_price": 90297.275
    },
    {
        "price": "0.39",
        "size": "19.13",
        "side": "buy",
        "local_timestamp": "1765450979096",
        "timestamp": "1765450978962",
        "asset_price": 90297.275
    },
    {
        "price": "0.38",
        "size": "16",
        "side": "buy",
        "local_timestamp": "1765450979595",
        "timestamp": "1765450979465",
        "asset_price": 90297.275
    },
    {
        "price": "0.38",
        "size": "16",
        "side": "buy",
        "local_timestamp": "1765450979615",
        "timestamp": "1765450979484",
        "asset_price": 90297.275
    },
    {
        "price": "0.38",
        "size": "11.3",
        "side": "buy",
        "local_timestamp": "1765450979644",
        "timestamp": "1765450979513",
        "asset_price": 90297.275
    },
    {
        "price": "0.38",
        "size": "16",
        "side": "buy",
        "local_timestamp": "1765450979650",
        "timestamp": "1765450979519",
        "asset_price": 90297.275
    },
    {
        "price": "0.38",
        "size": "16",
        "side": "buy",
        "local_timestamp": "1765450979670",
        "timestamp": "1765450979541",
        "asset_price": 90297.275
    },
    {
        "price": "0.38",
        "size": "3.078946",
        "side": "buy",
        "local_timestamp": "1765450979721",
        "timestamp": "1765450979591",
        "asset_price": 90297.275
    },
    {
        "price": "0.38",
        "size": "7.8",
        "side": "buy",
        "local_timestamp": "1765450980174",
        "timestamp": "1765450980043",
        "asset_price": 90297.275
    },
    {
        "price": "0.38",
        "size": "8.9",
        "side": "buy",
        "local_timestamp": "1765450980204",
        "timestamp": "1765450980074",
        "asset_price": 90297.275
    },
    {
        "price": "0.38",
        "size": "6.9",
        "side": "buy",
        "local_timestamp": "1765450980215",
        "timestamp": "1765450980083",
        "asset_price": 90297.275
    },
    {
        "price": "0.38",
        "size": "5.4",
        "side": "buy",
        "local_timestamp": "1765450980217",
        "timestamp": "1765450980086",
        "asset_price": 90297.275
    },
    {
        "price": "0.38",
        "size": "5",
        "side": "buy",
        "local_timestamp": "1765450980961",
        "timestamp": "1765450980826",
        "asset_price": 90297.275
    },
    {
        "price": "0.38",
        "size": "12.5",
        "side": "buy",
        "local_timestamp": "1765450982111",
        "timestamp": "1765450981974",
        "asset_price": 90297.285
    },
    {
        "price": "0.4",
        "size": "218.75",
        "side": "buy",
        "local_timestamp": "1765450982143",
        "timestamp": "1765450982011",
        "asset_price": 90297.285
    },
    {
        "price": "0.41",
        "size": "12.19",
        "side": "buy",
        "local_timestamp": "1765450983286",
        "timestamp": "1765450983155",
        "asset_price": 90309.92499999999
    },
    {
        "price": "0.41",
        "size": "13.31",
        "side": "buy",
        "local_timestamp": "1765450983308",
        "timestamp": "1765450983177",
        "asset_price": 90309.92499999999
    },
    {
        "price": "0.42",
        "size": "15.77",
        "side": "buy",
        "local_timestamp": "1765450983318",
        "timestamp": "1765450983188",
        "asset_price": 90309.92499999999
    },
    {
        "price": "0.42",
        "size": "8.952379",
        "side": "buy",
        "local_timestamp": "1765450983323",
        "timestamp": "1765450983189",
        "asset_price": 90309.92499999999
    },
    {
        "price": "0.44",
        "size": "16.147726",
        "side": "buy",
        "local_timestamp": "1765450983327",
        "timestamp": "1765450983196",
        "asset_price": 90309.92499999999
    },
    {
        "price": "0.43",
        "size": "10",
        "side": "sell",
        "local_timestamp": "1765450983943",
        "timestamp": "1765450983770",
        "asset_price": 90309.92499999999
    },
    {
        "price": "0.43",
        "size": "106.92",
        "side": "sell",
        "local_timestamp": "1765450984048",
        "timestamp": "1765450983918",
        "asset_price": 90309.92499999999
    },
    {
        "price": "0.44",
        "size": "5.6",
        "side": "buy",
        "local_timestamp": "1765450984058",
        "timestamp": "1765450983928",
        "asset_price": 90309.92499999999
    },
    {
        "price": "0.44",
        "size": "6",
        "side": "buy",
        "local_timestamp": "1765450984272",
        "timestamp": "1765450984141",
        "asset_price": 90309.92499999999
    },
    {
        "price": "0.43",
        "size": "120",
        "side": "buy",
        "local_timestamp": "1765450987683",
        "timestamp": "1765450987551",
        "asset_price": 90309.92499999999
    },
    {
        "price": "0.44",
        "size": "5",
        "side": "buy",
        "local_timestamp": "1765450988687",
        "timestamp": "1765450988556",
        "asset_price": 90309.92499999999
    },
    {
        "price": "0.41",
        "size": "5",
        "side": "sell",
        "local_timestamp": "1765450992942",
        "timestamp": "1765450992246",
        "asset_price": 90309.92499999999
    },
    {
        "price": "0.43",
        "size": "2.32558",
        "side": "buy",
        "local_timestamp": "1765450992942",
        "timestamp": "1765450992258",
        "asset_price": 90309.92499999999
    },
    {
        "price": "0.43",
        "size": "5",
        "side": "buy",
        "local_timestamp": "1765450993508",
        "timestamp": "1765450993378",
        "asset_price": 90309.92499999999
    },
    {
        "price": "0.41",
        "size": "5",
        "side": "sell",
        "local_timestamp": "1765450994248",
        "timestamp": "1765450994118",
        "asset_price": 90309.92499999999
    },
    {
        "price": "0.44",
        "size": "5",
        "side": "buy",
        "local_timestamp": "1765450994349",
        "timestamp": "1765450994218",
        "asset_price": 90309.92499999999
    },
    {
        "price": "0.44",
        "size": "453.774221",
        "side": "buy",
        "local_timestamp": "1765450994398",
        "timestamp": "1765450994267",
        "asset_price": 90309.92499999999
    },
    {
        "price": "0.43",
        "size": "5",
        "side": "sell",
        "local_timestamp": "1765450995275",
        "timestamp": "1765450995140",
        "asset_price": 90309.92499999999
    },
    {
        "price": "0.45",
        "size": "183.027776",
        "side": "buy",
        "local_timestamp": "1765450996954",
        "timestamp": "1765450996820",
        "asset_price": 90309.92499999999
    },
    {
        "price": "0.45",
        "size": "18",
        "side": "buy",
        "local_timestamp": "1765450997321",
        "timestamp": "1765450997191",
        "asset_price": 90309.92499999999
    },
    {
        "price": "0.43",
        "size": "5",
        "side": "sell",
        "local_timestamp": "1765450997427",
        "timestamp": "1765450997297",
        "asset_price": 90309.92499999999
    },
    {
        "price": "0.45",
        "size": "18",
        "side": "buy",
        "local_timestamp": "1765450997943",
        "timestamp": "1765450997811",
        "asset_price": 90309.92499999999
    },
    {
        "price": "0.45",
        "size": "18",
        "side": "buy",
        "local_timestamp": "1765450998935",
        "timestamp": "1765450998805",
        "asset_price": 90309.92499999999
    },
    {
        "price": "0.44",
        "size": "4.545453",
        "side": "buy",
        "local_timestamp": "1765450999223",
        "timestamp": "1765450999093",
        "asset_price": 90309.92499999999
    },
    {
        "price": "0.46",
        "size": "1188.241488",
        "side": "buy",
        "local_timestamp": "1765450999392",
        "timestamp": "1765450999259",
        "asset_price": 90309.92499999999
    },
    {
        "price": "0.43",
        "size": "5",
        "side": "sell",
        "local_timestamp": "1765450999657",
        "timestamp": "1765450999527",
        "asset_price": 90309.92499999999
    },
    {
        "price": "0.46",
        "size": "18",
        "side": "buy",
        "local_timestamp": "1765450999754",
        "timestamp": "1765450999622",
        "asset_price": 90309.92499999999
    },
    {
        "price": "0.46",
        "size": "18",
        "side": "buy",
        "local_timestamp": "1765451000691",
        "timestamp": "1765451000561",
        "asset_price": 90309.92499999999
    },
    {
        "price": "0.44",
        "size": "5",
        "side": "sell",
        "local_timestamp": "1765451001651",
        "timestamp": "1765451001520",
        "asset_price": 90309.92499999999
    },
    {
        "price": "0.43",
        "size": "35.11",
        "side": "sell",
        "local_timestamp": "1765451002850",
        "timestamp": "1765451002719",
        "asset_price": 90309.92499999999
    },
    {
        "price": "0.44",
        "size": "4",
        "side": "buy",
        "local_timestamp": "1765451002952",
        "timestamp": "1765451002819",
        "asset_price": 90309.92499999999
    },
    {
        "price": "0.43",
        "size": "5",
        "side": "sell",
        "local_timestamp": "1765451003673",
        "timestamp": "1765451003543",
        "asset_price": 90309.92499999999
    },
    {
        "price": "0.45",
        "size": "14",
        "side": "buy",
        "local_timestamp": "1765451004857",
        "timestamp": "1765451004726",
        "asset_price": 90309.92499999999
    },
    {
        "price": "0.46",
        "size": "16",
        "side": "buy",
        "local_timestamp": "1765451006118",
        "timestamp": "1765451005985",
        "asset_price": 90309.92499999999
    },
    {
        "price": "0.46",
        "size": "5",
        "side": "buy",
        "local_timestamp": "1765451006539",
        "timestamp": "1765451006409",
        "asset_price": 90309.92499999999
    },
    {
        "price": "0.46",
        "size": "18",
        "side": "buy",
        "local_timestamp": "1765451006828",
        "timestamp": "1765451006698",
        "asset_price": 90309.92499999999
    },
    {
        "price": "0.46",
        "size": "10.869564",
        "side": "buy",
        "local_timestamp": "1765451007257",
        "timestamp": "1765451007127",
        "asset_price": 90309.92499999999
    },
    {
        "price": "0.46",
        "size": "14",
        "side": "buy",
        "local_timestamp": "1765451007473",
        "timestamp": "1765451007342",
        "asset_price": 90309.92499999999
    },
    {
        "price": "0.46",
        "size": "5",
        "side": "buy",
        "local_timestamp": "1765451008132",
        "timestamp": "1765451007984",
        "asset_price": 90309.92499999999
    },
    {
        "price": "0.46",
        "size": "18",
        "side": "buy",
        "local_timestamp": "1765451008760",
        "timestamp": "1765451008627",
        "asset_price": 90309.92499999999
    },
    {
        "price": "0.46",
        "size": "10.869564",
        "side": "buy",
        "local_timestamp": "1765451008855",
        "timestamp": "1765451008721",
        "asset_price": 90309.92499999999
    },
    {
        "price": "0.47",
        "size": "10.638296",
        "side": "buy",
        "local_timestamp": "1765451009899",
        "timestamp": "1765451009769",
        "asset_price": 90309.92499999999
    },
    {
        "price": "0.47",
        "size": "10.744679",
        "side": "buy",
        "local_timestamp": "1765451011005",
        "timestamp": "1765451010874",
        "asset_price": 90309.92499999999
    },
    {
        "price": "0.47",
        "size": "10.638296",
        "side": "buy",
        "local_timestamp": "1765451012308",
        "timestamp": "1765451012178",
        "asset_price": 90309.92499999999
    },
    {
        "price": "0.46",
        "size": "5",
        "side": "buy",
        "local_timestamp": "1765451013272",
        "timestamp": "1765451013036",
        "asset_price": 90309.92499999999
    },
    {
        "price": "0.45",
        "size": "2.222221",
        "side": "buy",
        "local_timestamp": "1765451014397",
        "timestamp": "1765451014266",
        "asset_price": 90309.92499999999
    },
    {
        "price": "0.45",
        "size": "5",
        "side": "buy",
        "local_timestamp": "1765451015717",
        "timestamp": "1765451015586",
        "asset_price": 90309.92499999999
    },
    {
        "price": "0.45",
        "size": "6",
        "side": "buy",
        "local_timestamp": "1765451021506",
        "timestamp": "1765451021375",
        "asset_price": 90309.92499999999
    },
    {
        "price": "0.45",
        "size": "2.222221",
        "side": "buy",
        "local_timestamp": "1765451024707",
        "timestamp": "1765451024576",
        "asset_price": 90309.92499999999
    },
    {
        "price": "0.45",
        "size": "22.222221",
        "side": "buy",
        "local_timestamp": "1765451025322",
        "timestamp": "1765451025191",
        "asset_price": 90309.92499999999
    },
    {
        "price": "0.46",
        "size": "10.869564",
        "side": "buy",
        "local_timestamp": "1765451026893",
        "timestamp": "1765451026762",
        "asset_price": 90309.92499999999
    },
    {
        "price": "0.46",
        "size": "10.869564",
        "side": "buy",
        "local_timestamp": "1765451027541",
        "timestamp": "1765451027411",
        "asset_price": 90309.92499999999
    },
    {
        "price": "0.46",
        "size": "6",
        "side": "buy",
        "local_timestamp": "1765451028445",
        "timestamp": "1765451028315",
        "asset_price": 90309.92499999999
    },
    {
        "price": "0.45",
        "size": "11",
        "side": "buy",
        "local_timestamp": "1765451028899",
        "timestamp": "1765451028768",
        "asset_price": 90309.92499999999
    },
    {
        "price": "0.48",
        "size": "10.625",
        "side": "buy",
        "local_timestamp": "1765451032339",
        "timestamp": "1765451032209",
        "asset_price": 90318.565
    },
    {
        "price": "0.47",
        "size": "5",
        "side": "buy",
        "local_timestamp": "1765451032344",
        "timestamp": "1765451032211",
        "asset_price": 90318.565
    },
    {
        "price": "0.48",
        "size": "10.41",
        "side": "sell",
        "local_timestamp": "1765451034515",
        "timestamp": "1765451034385",
        "asset_price": 90318.565
    },
    {
        "price": "0.49",
        "size": "5",
        "side": "buy",
        "local_timestamp": "1765451034995",
        "timestamp": "1765451034864",
        "asset_price": 90318.565
    },
    {
        "price": "0.49",
        "size": "4.081631",
        "side": "buy",
        "local_timestamp": "1765451038536",
        "timestamp": "1765451037538",
        "asset_price": 90318.565
    },
    {
        "price": "0.47",
        "size": "2.22",
        "side": "sell",
        "local_timestamp": "1765451038537",
        "timestamp": "1765451038074",
        "asset_price": 90318.565
    },
    {
        "price": "0.48",
        "size": "5.102039",
        "side": "buy",
        "local_timestamp": "1765451040145",
        "timestamp": "1765451040011",
        "asset_price": 90318.565
    },
    {
        "price": "0.49",
        "size": "5",
        "side": "buy",
        "local_timestamp": "1765451040626",
        "timestamp": "1765451040492",
        "asset_price": 90318.565
    },
    {
        "price": "0.49",
        "size": "5.102039",
        "side": "buy",
        "local_timestamp": "1765451041268",
        "timestamp": "1765451041130",
        "asset_price": 90318.565
    },
    {
        "price": "0.49",
        "size": "5.20408",
        "side": "buy",
        "local_timestamp": "1765451041819",
        "timestamp": "1765451041687",
        "asset_price": 90318.565
    },
    {
        "price": "0.49",
        "size": "15",
        "side": "sell",
        "local_timestamp": "1765451042288",
        "timestamp": "1765451042156",
        "asset_price": 90318.565
    },
    {
        "price": "0.5",
        "size": "226.94",
        "side": "buy",
        "local_timestamp": "1765451042293",
        "timestamp": "1765451042162",
        "asset_price": 90318.565
    },
    {
        "price": "0.51",
        "size": "5",
        "side": "buy",
        "local_timestamp": "1765451043087",
        "timestamp": "1765451042955",
        "asset_price": 90318.565
    },
    {
        "price": "0.5",
        "size": "5",
        "side": "sell",
        "local_timestamp": "1765451043503",
        "timestamp": "1765451043373",
        "asset_price": 90318.565
    },
    {
        "price": "0.51",
        "size": "1000",
        "side": "buy",
        "local_timestamp": "1765451044588",
        "timestamp": "1765451044458",
        "asset_price": 90318.565
    },
    {
        "price": "0.51",
        "size": "38.235293",
        "side": "buy",
        "local_timestamp": "1765451044623",
        "timestamp": "1765451044493",
        "asset_price": 90318.565
    },
    {
        "price": "0.51",
        "size": "509.76",
        "side": "buy",
        "local_timestamp": "1765451044635",
        "timestamp": "1765451044503",
        "asset_price": 90318.565
    },
    {
        "price": "0.51",
        "size": "50",
        "side": "sell",
        "local_timestamp": "1765451045180",
        "timestamp": "1765451045045",
        "asset_price": 90318.565
    },
    {
        "price": "0.51",
        "size": "50",
        "side": "sell",
        "local_timestamp": "1765451045465",
        "timestamp": "1765451045335",
        "asset_price": 90318.565
    },
    {
        "price": "0.52",
        "size": "5",
        "side": "buy",
        "local_timestamp": "1765451045478",
        "timestamp": "1765451045346",
        "asset_price": 90318.565
    },
    {
        "price": "0.52",
        "size": "5",
        "side": "buy",
        "local_timestamp": "1765451046694",
        "timestamp": "1765451046563",
        "asset_price": 90319.945
    },
    {
        "price": "0.52",
        "size": "19.6",
        "side": "sell",
        "local_timestamp": "1765451047367",
        "timestamp": "1765451047236",
        "asset_price": 90319.995
    },
    {
        "price": "0.53",
        "size": "5",
        "side": "buy",
        "local_timestamp": "1765451048491",
        "timestamp": "1765451048359",
        "asset_price": 90328.89499999999
    },
    {
        "price": "0.52",
        "size": "16",
        "side": "sell",
        "local_timestamp": "1765451048505",
        "timestamp": "1765451048374",
        "asset_price": 90328.89499999999
    },
    {
        "price": "0.54",
        "size": "9.833332",
        "side": "buy",
        "local_timestamp": "1765451048514",
        "timestamp": "1765451048383",
        "asset_price": 90328.89499999999
    },
    {
        "price": "0.54",
        "size": "15.1",
        "side": "buy",
        "local_timestamp": "1765451048545",
        "timestamp": "1765451048415",
        "asset_price": 90328.89499999999
    },
    {
        "price": "0.53",
        "size": "16",
        "side": "sell",
        "local_timestamp": "1765451049115",
        "timestamp": "1765451048982",
        "asset_price": 90328.89499999999
    },
    {
        "price": "0.54",
        "size": "9.11",
        "side": "sell",
        "local_timestamp": "1765451049580",
        "timestamp": "1765451049450",
        "asset_price": 90328.89499999999
    },
    {
        "price": "0.53",
        "size": "16",
        "side": "sell",
        "local_timestamp": "1765451049716",
        "timestamp": "1765451049585",
        "asset_price": 90328.89499999999
    },
    {
        "price": "0.52",
        "size": "16",
        "side": "sell",
        "local_timestamp": "1765451050295",
        "timestamp": "1765451050162",
        "asset_price": 90328.89499999999
    },
    {
        "price": "0.52",
        "size": "16",
        "side": "sell",
        "local_timestamp": "1765451050895",
        "timestamp": "1765451050764",
        "asset_price": 90328.89499999999
    },
    {
        "price": "0.52",
        "size": "16",
        "side": "sell",
        "local_timestamp": "1765451051465",
        "timestamp": "1765451051333",
        "asset_price": 90328.89499999999
    },
    {
        "price": "0.52",
        "size": "16",
        "side": "sell",
        "local_timestamp": "1765451052067",
        "timestamp": "1765451051937",
        "asset_price": 90328.89499999999
    },
    {
        "price": "0.54",
        "size": "18.777776",
        "side": "buy",
        "local_timestamp": "1765451052159",
        "timestamp": "1765451052028",
        "asset_price": 90328.89499999999
    },
    {
        "price": "0.53",
        "size": "6",
        "side": "buy",
        "local_timestamp": "1765451052614",
        "timestamp": "1765451052484",
        "asset_price": 90328.89499999999
    },
    {
        "price": "0.53",
        "size": "16",
        "side": "buy",
        "local_timestamp": "1765451052954",
        "timestamp": "1765451052822",
        "asset_price": 90328.89499999999
    },
    {
        "price": "0.54",
        "size": "5",
        "side": "buy",
        "local_timestamp": "1765451054379",
        "timestamp": "1765451054248",
        "asset_price": 90328.89499999999
    },
    {
        "price": "0.54",
        "size": "11",
        "side": "buy",
        "local_timestamp": "1765451054385",
        "timestamp": "1765451054255",
        "asset_price": 90328.89499999999
    },
    {
        "price": "0.55",
        "size": "6.21818",
        "side": "buy",
        "local_timestamp": "1765451054554",
        "timestamp": "1765451054421",
        "asset_price": 90328.89499999999
    },
    {
        "price": "0.55",
        "size": "5",
        "side": "buy",
        "local_timestamp": "1765451054949",
        "timestamp": "1765451054818",
        "asset_price": 90328.89499999999
    },
    {
        "price": "0.55",
        "size": "5.72",
        "side": "buy",
        "local_timestamp": "1765451055035",
        "timestamp": "1765451054904",
        "asset_price": 90328.89499999999
    },
    {
        "price": "0.56",
        "size": "15",
        "side": "buy",
        "local_timestamp": "1765451055652",
        "timestamp": "1765451055518",
        "asset_price": 90328.89499999999
    },
    {
        "price": "0.55",
        "size": "51.28",
        "side": "sell",
        "local_timestamp": "1765451056088",
        "timestamp": "1765451055957",
        "asset_price": 90328.89499999999
    },
    {
        "price": "0.56",
        "size": "15",
        "side": "buy",
        "local_timestamp": "1765451056168",
        "timestamp": "1765451056035",
        "asset_price": 90328.89499999999
    },
    {
        "price": "0.56",
        "size": "75.24",
        "side": "buy",
        "local_timestamp": "1765451056800",
        "timestamp": "1765451056669",
        "asset_price": 90328.89499999999
    },
    {
        "price": "0.57",
        "size": "529.491227",
        "side": "buy",
        "local_timestamp": "1765451057309",
        "timestamp": "1765451057174",
        "asset_price": 90337.375
    },
    {
        "price": "0.56",
        "size": "26",
        "side": "sell",
        "local_timestamp": "1765451057364",
        "timestamp": "1765451057231",
        "asset_price": 90337.375
    },
    {
        "price": "0.57",
        "size": "15",
        "side": "buy",
        "local_timestamp": "1765451057371",
        "timestamp": "1765451057241",
        "asset_price": 90337.375
    },
    {
        "price": "0.56",
        "size": "17.85",
        "side": "sell",
        "local_timestamp": "1765451057628",
        "timestamp": "1765451057498",
        "asset_price": 90337.375
    },
    {
        "price": "0.56",
        "size": "50",
        "side": "sell",
        "local_timestamp": "1765451057669",
        "timestamp": "1765451057537",
        "asset_price": 90337.375
    },
    {
        "price": "0.57",
        "size": "15",
        "side": "buy",
        "local_timestamp": "1765451057670",
        "timestamp": "1765451057540",
        "asset_price": 90337.375
    },
    {
        "price": "0.56",
        "size": "106.92",
        "side": "sell",
        "local_timestamp": "1765451058038",
        "timestamp": "1765451057905",
        "asset_price": 90337.375
    },
    {
        "price": "0.57",
        "size": "42.5",
        "side": "buy",
        "local_timestamp": "1765451058050",
        "timestamp": "1765451057919",
        "asset_price": 90337.375
    },
    {
        "price": "0.58",
        "size": "10.862066",
        "side": "buy",
        "local_timestamp": "1765451058064",
        "timestamp": "1765451057934",
        "asset_price": 90337.375
    },
    {
        "price": "0.58",
        "size": "5",
        "side": "buy",
        "local_timestamp": "1765451058066",
        "timestamp": "1765451057935",
        "asset_price": 90337.375
    },
    {
        "price": "0.58",
        "size": "67.344826",
        "side": "buy",
        "local_timestamp": "1765451058109",
        "timestamp": "1765451057977",
        "asset_price": 90337.375
    },
    {
        "price": "0.58",
        "size": "76.34576",
        "side": "buy",
        "local_timestamp": "1765451058116",
        "timestamp": "1765451057986",
        "asset_price": 90337.375
    },
    {
        "price": "0.57",
        "size": "10",
        "side": "sell",
        "local_timestamp": "1765451059232",
        "timestamp": "1765451058124",
        "asset_price": 90337.375
    },
    {
        "price": "0.58",
        "size": "6",
        "side": "buy",
        "local_timestamp": "1765451059233",
        "timestamp": "1765451058510",
        "asset_price": 90337.375
    },
    {
        "price": "0.58",
        "size": "50",
        "side": "buy",
        "local_timestamp": "1765451059245",
        "timestamp": "1765451058849",
        "asset_price": 90337.375
    },
    {
        "price": "0.58",
        "size": "34.482757",
        "side": "buy",
        "local_timestamp": "1765451061579",
        "timestamp": "1765451061448",
        "asset_price": 90337.375
    },
    {
        "price": "0.57",
        "size": "47.05",
        "side": "sell",
        "local_timestamp": "1765451062470",
        "timestamp": "1765451062335",
        "asset_price": 90337.375
    },
    {
        "price": "0.59",
        "size": "72.737456",
        "side": "buy",
        "local_timestamp": "1765451063222",
        "timestamp": "1765451063091",
        "asset_price": 90337.375
    },
    {
        "price": "0.57",
        "size": "5",
        "side": "sell",
        "local_timestamp": "1765451064057",
        "timestamp": "1765451063925",
        "asset_price": 90337.375
    },
    {
        "price": "0.58",
        "size": "9.879309",
        "side": "buy",
        "local_timestamp": "1765451064453",
        "timestamp": "1765451064323",
        "asset_price": 90337.375
    },
    {
        "price": "0.57",
        "size": "5",
        "side": "sell",
        "local_timestamp": "1765451066055",
        "timestamp": "1765451065925",
        "asset_price": 90337.375
    },
    {
        "price": "0.58",
        "size": "2.724135",
        "side": "buy",
        "local_timestamp": "1765451067480",
        "timestamp": "1765451067350",
        "asset_price": 90337.375
    },
    {
        "price": "0.57",
        "size": "5",
        "side": "buy",
        "local_timestamp": "1765451069217",
        "timestamp": "1765451069085",
        "asset_price": 90337.375
    },
    {
        "price": "0.58",
        "size": "87",
        "side": "buy",
        "local_timestamp": "1765451070019",
        "timestamp": "1765451069888",
        "asset_price": 90337.375
    },
    {
        "price": "0.58",
        "size": "3.448273",
        "side": "buy",
        "local_timestamp": "1765451070079",
        "timestamp": "1765451069947",
        "asset_price": 90337.375
    },
    {
        "price": "0.57",
        "size": "10",
        "side": "sell",
        "local_timestamp": "1765451071473",
        "timestamp": "1765451071343",
        "asset_price": 90337.375
    },
    {
        "price": "0.56",
        "size": "5",
        "side": "sell",
        "local_timestamp": "1765451072056",
        "timestamp": "1765451071832",
        "asset_price": 90337.375
    },
    {
        "price": "0.56",
        "size": "15",
        "side": "sell",
        "local_timestamp": "1765451072056",
        "timestamp": "1765451071849",
        "asset_price": 90337.375
    },
    {
        "price": "0.56",
        "size": "5",
        "side": "sell",
        "local_timestamp": "1765451072056",
        "timestamp": "1765451071915",
        "asset_price": 90337.375
    },
    {
        "price": "0.56",
        "size": "5",
        "side": "buy",
        "local_timestamp": "1765451072411",
        "timestamp": "1765451072281",
        "asset_price": 90337.375
    },
    {
        "price": "0.57",
        "size": "20",
        "side": "buy",
        "local_timestamp": "1765451073000",
        "timestamp": "1765451072869",
        "asset_price": 90337.375
    },
    {
        "price": "0.57",
        "size": "20",
        "side": "buy",
        "local_timestamp": "1765451073047",
        "timestamp": "1765451072914",
        "asset_price": 90337.375
    },
    {
        "price": "0.57",
        "size": "15",
        "side": "buy",
        "local_timestamp": "1765451073350",
        "timestamp": "1765451073188",
        "asset_price": 90337.375
    },
    {
        "price": "0.57",
        "size": "18.99",
        "side": "buy",
        "local_timestamp": "1765451073350",
        "timestamp": "1765451073192",
        "asset_price": 90337.375
    },
    {
        "price": "0.56",
        "size": "294.99",
        "side": "sell",
        "local_timestamp": "1765451076077",
        "timestamp": "1765451075945",
        "asset_price": 90337.375
    },
    {
        "price": "0.56",
        "size": "47.05",
        "side": "sell",
        "local_timestamp": "1765451077685",
        "timestamp": "1765451077548",
        "asset_price": 90337.375
    },
    {
        "price": "0.57",
        "size": "10",
        "side": "buy",
        "local_timestamp": "1765451081577",
        "timestamp": "1765451081443",
        "asset_price": 90337.375
    },
    {
        "price": "0.57",
        "size": "6",
        "side": "buy",
        "local_timestamp": "1765451083928",
        "timestamp": "1765451083794",
        "asset_price": 90337.375
    },
    {
        "price": "0.56",
        "size": "2.22",
        "side": "sell",
        "local_timestamp": "1765451084322",
        "timestamp": "1765451084191",
        "asset_price": 90337.375
    },
    {
        "price": "0.57",
        "size": "5.91",
        "side": "buy",
        "local_timestamp": "1765451086174",
        "timestamp": "1765451086044",
        "asset_price": 90349.995
    },
    {
        "price": "0.58",
        "size": "16",
        "side": "buy",
        "local_timestamp": "1765451086224",
        "timestamp": "1765451086093",
        "asset_price": 90349.995
    },
    {
        "price": "0.59",
        "size": "16.457626",
        "side": "buy",
        "local_timestamp": "1765451086237",
        "timestamp": "1765451086106",
        "asset_price": 90349.995
    },
    {
        "price": "0.59",
        "size": "16.050846",
        "side": "buy",
        "local_timestamp": "1765451086240",
        "timestamp": "1765451086110",
        "asset_price": 90349.995
    },
    {
        "price": "0.59",
        "size": "16.406778",
        "side": "buy",
        "local_timestamp": "1765451086243",
        "timestamp": "1765451086112",
        "asset_price": 90349.995
    },
    {
        "price": "0.59",
        "size": "10.677965",
        "side": "buy",
        "local_timestamp": "1765451086257",
        "timestamp": "1765451086112",
        "asset_price": 90349.995
    },
    {
        "price": "0.61",
        "size": "15.5",
        "side": "buy",
        "local_timestamp": "1765451086281",
        "timestamp": "1765451086150",
        "asset_price": 90349.995
    },
    {
        "price": "0.62",
        "size": "122.42",
        "side": "buy",
        "local_timestamp": "1765451086294",
        "timestamp": "1765451086162",
        "asset_price": 90349.995
    },
    {
        "price": "0.6",
        "size": "1163.21",
        "side": "buy",
        "local_timestamp": "1765451086300",
        "timestamp": "1765451086168",
        "asset_price": 90349.995
    },
    {
        "price": "0.59",
        "size": "18",
        "side": "buy",
        "local_timestamp": "1765451086304",
        "timestamp": "1765451086173",
        "asset_price": 90357.055
    },
    {
        "price": "0.63",
        "size": "405",
        "side": "buy",
        "local_timestamp": "1765451086651",
        "timestamp": "1765451086520",
        "asset_price": 90357.055
    },
    {
        "price": "0.64",
        "size": "5",
        "side": "buy",
        "local_timestamp": "1765451086878",
        "timestamp": "1765451086747",
        "asset_price": 90357.055
    },
    {
        "price": "0.65",
        "size": "5",
        "side": "buy",
        "local_timestamp": "1765451086927",
        "timestamp": "1765451086793",
        "asset_price": 90357.055
    },
    {
        "price": "0.65",
        "size": "6.461537",
        "side": "buy",
        "local_timestamp": "1765451086994",
        "timestamp": "1765451086862",
        "asset_price": 90357.055
    },
    {
        "price": "0.65",
        "size": "35.13",
        "side": "buy",
        "local_timestamp": "1765451087113",
        "timestamp": "1765451086982",
        "asset_price": 90357.055
    },
    {
        "price": "0.65",
        "size": "5",
        "side": "buy",
        "local_timestamp": "1765451087113",
        "timestamp": "1765451086983",
        "asset_price": 90357.055
    },
    {
        "price": "0.66",
        "size": "10",
        "side": "buy",
        "local_timestamp": "1765451087488",
        "timestamp": "1765451087357",
        "asset_price": 90357.055
    },
    {
        "price": "0.66",
        "size": "15",
        "side": "buy",
        "local_timestamp": "1765451088069",
        "timestamp": "1765451087938",
        "asset_price": 90357.055
    },
    {
        "price": "0.66",
        "size": "6",
        "side": "buy",
        "local_timestamp": "1765451088434",
        "timestamp": "1765451088304",
        "asset_price": 90357.055
    },
    {
        "price": "0.66",
        "size": "24",
        "side": "buy",
        "local_timestamp": "1765451089052",
        "timestamp": "1765451088922",
        "asset_price": 90357.055
    },
    {
        "price": "0.66",
        "size": "11",
        "side": "buy",
        "local_timestamp": "1765451089242",
        "timestamp": "1765451089111",
        "asset_price": 90357.055
    },
    {
        "price": "0.65",
        "size": "59",
        "side": "buy",
        "local_timestamp": "1765451090291",
        "timestamp": "1765451090160",
        "asset_price": 90357.055
    },
    {
        "price": "0.66",
        "size": "6",
        "side": "buy",
        "local_timestamp": "1765451091033",
        "timestamp": "1765451090902",
        "asset_price": 90357.055
    },
    {
        "price": "0.65",
        "size": "1.92",
        "side": "sell",
        "local_timestamp": "1765451092546",
        "timestamp": "1765451091313",
        "asset_price": 90357.055
    },
    {
        "price": "0.66",
        "size": "346.99",
        "side": "buy",
        "local_timestamp": "1765451092827",
        "timestamp": "1765451092697",
        "asset_price": 90357.055
    },
    {
        "price": "0.66",
        "size": "6",
        "side": "sell",
        "local_timestamp": "1765451093370",
        "timestamp": "1765451093238",
        "asset_price": 90357.055
    },
    {
        "price": "0.66",
        "size": "1.590908",
        "side": "buy",
        "local_timestamp": "1765451093920",
        "timestamp": "1765451093789",
        "asset_price": 90357.055
    },
    {
        "price": "0.67",
        "size": "1000",
        "side": "buy",
        "local_timestamp": "1765451094196",
        "timestamp": "1765451094065",
        "asset_price": 90357.055
    },
    {
        "price": "0.66",
        "size": "242.77",
        "side": "buy",
        "local_timestamp": "1765451094232",
        "timestamp": "1765451094101",
        "asset_price": 90357.055
    },
    {
        "price": "0.67",
        "size": "5.8",
        "side": "sell",
        "local_timestamp": "1765451094301",
        "timestamp": "1765451094171",
        "asset_price": 90357.055
    },
    {
        "price": "0.66",
        "size": "70",
        "side": "sell",
        "local_timestamp": "1765451094762",
        "timestamp": "1765451094632",
        "asset_price": 90357.055
    },
    {
        "price": "0.65",
        "size": "60",
        "side": "sell",
        "local_timestamp": "1765451095301",
        "timestamp": "1765451095168",
        "asset_price": 90357.055
    },
    {
        "price": "0.68",
        "size": "1200",
        "side": "buy",
        "local_timestamp": "1765451096262",
        "timestamp": "1765451096131",
        "asset_price": 90357.055
    },
    {
        "price": "0.68",
        "size": "3.33",
        "side": "buy",
        "local_timestamp": "1765451097261",
        "timestamp": "1765451097127",
        "asset_price": 90357.055
    },
    {
        "price": "0.68",
        "size": "1.529409",
        "side": "buy",
        "local_timestamp": "1765451097798",
        "timestamp": "1765451097666",
        "asset_price": 90357.055
    },
    {
        "price": "0.68",
        "size": "132.35294",
        "side": "buy",
        "local_timestamp": "1765451099669",
        "timestamp": "1765451099538",
        "asset_price": 90357.055
    },
    {
        "price": "0.68",
        "size": "147.676468",
        "side": "buy",
        "local_timestamp": "1765451100234",
        "timestamp": "1765451100101",
        "asset_price": 90359.995
    },
    {
        "price": "0.68",
        "size": "11.5",
        "side": "buy",
        "local_timestamp": "1765451100786",
        "timestamp": "1765451100655",
        "asset_price": 90365.995
    },
    {
        "price": "0.68",
        "size": "10",
        "side": "sell",
        "local_timestamp": "1765451100810",
        "timestamp": "1765451100680",
        "asset_price": 90365.995
    },
    {
        "price": "0.69",
        "size": "111.92",
        "side": "buy",
        "local_timestamp": "1765451100937",
        "timestamp": "1765451100806",
        "asset_price": 90365.995
    },
    {
        "price": "0.7",
        "size": "6.6",
        "side": "buy",
        "local_timestamp": "1765451101173",
        "timestamp": "1765451101041",
        "asset_price": 90365.995
    },
    {
        "price": "0.7",
        "size": "10.571426",
        "side": "buy",
        "local_timestamp": "1765451101240",
        "timestamp": "1765451101107",
        "asset_price": 90365.995
    },
    {
        "price": "0.69",
        "size": "5",
        "side": "buy",
        "local_timestamp": "1765451101673",
        "timestamp": "1765451101543",
        "asset_price": 90365.995
    },
    {
        "price": "0.69",
        "size": "15",
        "side": "buy",
        "local_timestamp": "1765451101910",
        "timestamp": "1765451101779",
        "asset_price": 90365.995
    },
    {
        "price": "0.68",
        "size": "0.2",
        "side": "buy",
        "local_timestamp": "1765451102480",
        "timestamp": "1765451102349",
        "asset_price": 90365.995
    },
    {
        "price": "0.68",
        "size": "4.794116",
        "side": "buy",
        "local_timestamp": "1765451102482",
        "timestamp": "1765451102352",
        "asset_price": 90365.995
    },
    {
        "price": "0.69",
        "size": "80",
        "side": "buy",
        "local_timestamp": "1765451102554",
        "timestamp": "1765451102422",
        "asset_price": 90365.995
    },
    {
        "price": "0.69",
        "size": "13.695651",
        "side": "buy",
        "local_timestamp": "1765451102783",
        "timestamp": "1765451102649",
        "asset_price": 90365.995
    },
    {
        "price": "0.71",
        "size": "10.1",
        "side": "buy",
        "local_timestamp": "1765451105036",
        "timestamp": "1765451104904",
        "asset_price": 90365.995
    },
    {
        "price": "0.7",
        "size": "28.380279",
        "side": "buy",
        "local_timestamp": "1765451106695",
        "timestamp": "1765451106565",
        "asset_price": 90365.995
    },
    {
        "price": "0.7",
        "size": "14.285713",
        "side": "buy",
        "local_timestamp": "1765451107178",
        "timestamp": "1765451107048",
        "asset_price": 90365.995
    },
    {
        "price": "0.71",
        "size": "28.169013",
        "side": "buy",
        "local_timestamp": "1765451108369",
        "timestamp": "1765451108239",
        "asset_price": 90365.995
    },
    {
        "price": "0.71",
        "size": "181.54",
        "side": "buy",
        "local_timestamp": "1765451108621",
        "timestamp": "1765451108490",
        "asset_price": 90365.995
    },
    {
        "price": "0.72",
        "size": "5.555553",
        "side": "buy",
        "local_timestamp": "1765451108813",
        "timestamp": "1765451108682",
        "asset_price": 90365.995
    },
    {
        "price": "0.72",
        "size": "10",
        "side": "buy",
        "local_timestamp": "1765451109327",
        "timestamp": "1765451109196",
        "asset_price": 90377.625
    },
    {
        "price": "0.72",
        "size": "16.89",
        "side": "buy",
        "local_timestamp": "1765451109817",
        "timestamp": "1765451109686",
        "asset_price": 90379.995
    },
    {
        "price": "0.74",
        "size": "10.405403",
        "side": "buy",
        "local_timestamp": "1765451109969",
        "timestamp": "1765451109839",
        "asset_price": 90379.995
    },
    {
        "price": "0.74",
        "size": "7.62",
        "side": "buy",
        "local_timestamp": "1765451109983",
        "timestamp": "1765451109852",
        "asset_price": 90379.995
    },
    {
        "price": "0.78",
        "size": "5",
        "side": "buy",
        "local_timestamp": "1765451110577",
        "timestamp": "1765451110446",
        "asset_price": 90379.995
    },
    {
        "price": "0.78",
        "size": "5",
        "side": "buy",
        "local_timestamp": "1765451110622",
        "timestamp": "1765451110491",
        "asset_price": 90390.235
    },
    {
        "price": "0.77",
        "size": "5",
        "side": "sell",
        "local_timestamp": "1765451110902",
        "timestamp": "1765451110764",
        "asset_price": 90390.235
    },
    {
        "price": "0.79",
        "size": "5",
        "side": "buy",
        "local_timestamp": "1765451110996",
        "timestamp": "1765451110866",
        "asset_price": 90390.235
    },
    {
        "price": "0.79",
        "size": "8.860758",
        "side": "buy",
        "local_timestamp": "1765451111872",
        "timestamp": "1765451111735",
        "asset_price": 90390.235
    },
    {
        "price": "0.8",
        "size": "5",
        "side": "buy",
        "local_timestamp": "1765451114089",
        "timestamp": "1765451112724",
        "asset_price": 90395.92499999999
    },
    {
        "price": "0.8",
        "size": "200",
        "side": "buy",
        "local_timestamp": "1765451114105",
        "timestamp": "1765451113499",
        "asset_price": 90395.92499999999
    },
    {
        "price": "0.79",
        "size": "37.97468",
        "side": "buy",
        "local_timestamp": "1765451114816",
        "timestamp": "1765451114685",
        "asset_price": 90395.92499999999
    },
    {
        "price": "0.79",
        "size": "5",
        "side": "buy",
        "local_timestamp": "1765451114986",
        "timestamp": "1765451114851",
        "asset_price": 90395.92499999999
    },
    {
        "price": "0.79",
        "size": "2.531642",
        "side": "buy",
        "local_timestamp": "1765451115098",
        "timestamp": "1765451114968",
        "asset_price": 90395.92499999999
    },
    {
        "price": "0.8",
        "size": "6.0375",
        "side": "buy",
        "local_timestamp": "1765451117472",
        "timestamp": "1765451117342",
        "asset_price": 90395.92499999999
    },
    {
        "price": "0.78",
        "size": "1.37179",
        "side": "buy",
        "local_timestamp": "1765451118602",
        "timestamp": "1765451118472",
        "asset_price": 90395.92499999999
    },
    {
        "price": "0.78",
        "size": "1.37179",
        "side": "buy",
        "local_timestamp": "1765451118719",
        "timestamp": "1765451118589",
