[
    {
        "price": "0.57",
        "size": "1.929823",
        "side": "buy",
        "local_timestamp": "1765450851133",
        "timestamp": "1765450842445",
        "asset_price": 90303.655
    },
    {
        "price": "0.56",
        "size": "10",
        "side": "buy",
        "local_timestamp": "1765450851147",
        "timestamp": "1765450842914",
        "asset_price": 90303.655
    },
    {
        "price": "0.56",
        "size": "1.964284",
        "side": "buy",
        "local_timestamp": "1765450851156",
        "timestamp": "1765450844385",
        "asset_price": 90303.655
    },
    {
        "price": "0.56",
        "size": "5",
        "side": "buy",
        "local_timestamp": "1765450851170",
        "timestamp": "1765450845139",
        "asset_price": 90303.655
    },
    {
        "price": "0.56",
        "size": "2.410713",
        "side": "buy",
        "local_timestamp": "1765450851170",
        "timestamp": "1765450845564",
        "asset_price": 90303.655
    },
    {
        "price": "0.56",
        "size": "1.785713",
        "side": "buy",
        "local_timestamp": "1765450851178",
        "timestamp": "1765450846854",
        "asset_price": 90303.655
    },
    {
        "price": "0.55",
        "size": "5",
        "side": "buy",
        "local_timestamp": "1765450851185",
        "timestamp": "1765450848985",
        "asset_price": 90303.655
    },
    {
        "price": "0.55",
        "size": "4.63",
        "side": "buy",
        "local_timestamp": "1765450851186",
        "timestamp": "1765450849719",
        "asset_price": 90303.655
    },
    {
        "price": "0.56",
        "size": "16.65",
        "side": "buy",
        "local_timestamp": "1765450852772",
        "timestamp": "1765450852641",
        "asset_price": 90303.655
    },
    {
        "price": "0.56",
        "size": "16.65",
        "side": "buy",
        "local_timestamp": "1765450852774",
        "timestamp": "1765450852644",
        "asset_price": 90303.655
    },
    {
        "price": "0.56",
        "size": "16.65",
        "side": "buy",
        "local_timestamp": "1765450852775",
        "timestamp": "1765450852645",
        "asset_price": 90303.655
    },
    {
        "price": "0.56",
        "size": "16.65",
        "side": "buy",
        "local_timestamp": "1765450852780",
        "timestamp": "1765450852648",
        "asset_price": 90303.655
    },
    {
        "price": "0.56",
        "size": "16.65",
        "side": "buy",
        "local_timestamp": "1765450852781",
        "timestamp": "1765450852651",
        "asset_price": 90303.655
    },
    {
        "price": "0.56",
        "size": "16.65",
        "side": "buy",
        "local_timestamp": "1765450852784",
        "timestamp": "1765450852654",
        "asset_price": 90303.655
    },
    {
        "price": "0.56",
        "size": "16.65",
        "side": "buy",
        "local_timestamp": "1765450852793",
        "timestamp": "1765450852659",
        "asset_price": 90303.655
    },
    {
        "price": "0.56",
        "size": "10.19",
        "side": "buy",
        "local_timestamp": "1765450852793",
        "timestamp": "1765450852661",
        "asset_price": 90303.655
    },
    {
        "price": "0.56",
        "size": "6",
        "side": "sell",
        "local_timestamp": "1765450853351",
        "timestamp": "1765450853218",
        "asset_price": 90303.655
    },
    {
        "price": "0.57",
        "size": "13.75",
        "side": "buy",
        "local_timestamp": "1765450854896",
        "timestamp": "1765450854765",
        "asset_price": 90303.655
    },
    {
        "price": "0.57",
        "size": "6",
        "side": "buy",
        "local_timestamp": "1765450855246",
        "timestamp": "1765450855112",
        "asset_price": 90303.655
    },
    {
        "price": "0.56",
        "size": "6",
        "side": "buy",
        "local_timestamp": "1765450857048",
        "timestamp": "1765450856914",
        "asset_price": 90303.655
    },
    {
        "price": "0.56",
        "size": "17",
        "side": "buy",
        "local_timestamp": "1765450857108",
        "timestamp": "1765450856977",
        "asset_price": 90303.655
    },
    {
        "price": "0.58",
        "size": "569.672411",
        "side": "buy",
        "local_timestamp": "1765450857521",
        "timestamp": "1765450857377",
        "asset_price": 90303.655
    },
    {
        "price": "0.57",
        "size": "5",
        "side": "buy",
        "local_timestamp": "1765450859131",
        "timestamp": "1765450858999",
        "asset_price": 90303.655
    },
    {
        "price": "0.57",
        "size": "6",
        "side": "buy",
        "local_timestamp": "1765450859764",
        "timestamp": "1765450859633",
        "asset_price": 90294.025
    },
    {
        "price": "0.58",
        "size": "6",
        "side": "buy",
        "local_timestamp": "1765450860176",
        "timestamp": "1765450860045",
        "asset_price": 90294.025
    },
    {
        "price": "0.59",
        "size": "10.847456",
        "side": "buy",
        "local_timestamp": "1765450860391",
        "timestamp": "1765450860261",
        "asset_price": 90294.025
    },
    {
        "price": "0.59",
        "size": "5",
        "side": "buy",
        "local_timestamp": "1765450860398",
        "timestamp": "1765450860266",
        "asset_price": 90294.025
    },
    {
        "price": "0.59",
        "size": "6.508473",
        "side": "buy",
        "local_timestamp": "1765450860428",
        "timestamp": "1765450860297",
        "asset_price": 90294.025
    },
    {
        "price": "0.59",
        "size": "15",
        "side": "buy",
        "local_timestamp": "1765450860724",
        "timestamp": "1765450860594",
        "asset_price": 90294.025
    },
    {
        "price": "0.59",
        "size": "18",
        "side": "buy",
        "local_timestamp": "1765450860803",
        "timestamp": "1765450860673",
        "asset_price": 90294.025
    },
    {
        "price": "0.59",
        "size": "18",
        "side": "buy",
        "local_timestamp": "1765450860806",
        "timestamp": "1765450860676",
        "asset_price": 90294.025
    },
    {
        "price": "0.59",
        "size": "18",
        "side": "buy",
        "local_timestamp": "1765450860813",
        "timestamp": "1765450860683",
        "asset_price": 90294.025
    },
    {
        "price": "0.59",
        "size": "18",
        "side": "buy",
        "local_timestamp": "1765450860813",
        "timestamp": "1765450860683",
        "asset_price": 90294.025
    },
    {
        "price": "0.59",
        "size": "18",
        "side": "buy",
        "local_timestamp": "1765450860821",
        "timestamp": "1765450860691",
        "asset_price": 90294.025
    },
    {
        "price": "0.59",
        "size": "18",
        "side": "buy",
        "local_timestamp": "1765450860821",
        "timestamp": "1765450860691",
        "asset_price": 90294.025
    },
    {
        "price": "0.59",
        "size": "18",
        "side": "buy",
        "local_timestamp": "1765450860828",
        "timestamp": "1765450860696",
        "asset_price": 90294.025
    },
    {
        "price": "0.59",
        "size": "5",
        "side": "buy",
        "local_timestamp": "1765450860852",
        "timestamp": "1765450860721",
        "asset_price": 90294.025
    },
    {
        "price": "0.59",
        "size": "5",
        "side": "buy",
        "local_timestamp": "1765450861851",
        "timestamp": "1765450861690",
        "asset_price": 90294.025
    },
    {
        "price": "0.59",
        "size": "115.14",
        "side": "buy",
        "local_timestamp": "1765450862219",
        "timestamp": "1765450862073",
        "asset_price": 90294.025
    },
    {
        "price": "0.6",
        "size": "5",
        "side": "buy",
        "local_timestamp": "1765450862773",
        "timestamp": "1765450862637",
        "asset_price": 90294.025
    },
    {
        "price": "0.6",
        "size": "17.61",
        "side": "buy",
        "local_timestamp": "1765450863044",
        "timestamp": "1765450862911",
        "asset_price": 90294.025
    },
    {
        "price": "0.6",
        "size": "5",
        "side": "buy",
        "local_timestamp": "1765450863471",
        "timestamp": "1765450863341",
        "asset_price": 90294.025
    },
    {
        "price": "0.6",
        "size": "13.07",
        "side": "buy",
        "local_timestamp": "1765450863624",
        "timestamp": "1765450863492",
        "asset_price": 90294.025
    },
    {
        "price": "0.6",
        "size": "5",
        "side": "buy",
        "local_timestamp": "1765450864444",
        "timestamp": "1765450864313",
        "asset_price": 90294.025
    },
    {
        "price": "0.6",
        "size": "5",
        "side": "buy",
        "local_timestamp": "1765450864559",
        "timestamp": "1765450864427",
        "asset_price": 90294.025
    },
    {
        "price": "0.59",
        "size": "6",
        "side": "buy",
        "local_timestamp": "1765450865452",
        "timestamp": "1765450865320",
        "asset_price": 90294.025
    },
    {
        "price": "0.6",
        "size": "35.366665",
        "side": "buy",
        "local_timestamp": "1765450865473",
        "timestamp": "1765450865341",
        "asset_price": 90294.025
    },
    {
        "price": "0.6",
        "size": "936.45",
        "side": "buy",
        "local_timestamp": "1765450865974",
        "timestamp": "1765450865842",
        "asset_price": 90294.025
    },
    {
        "price": "0.6",
        "size": "5",
        "side": "sell",
        "local_timestamp": "1765450866499",
        "timestamp": "1765450866369",
        "asset_price": 90294.025
    },
    {
        "price": "0.6",
        "size": "10.166665",
        "side": "buy",
        "local_timestamp": "1765450867312",
        "timestamp": "1765450867170",
        "asset_price": 90294.025
    },
    {
        "price": "0.6",
        "size": "5",
        "side": "buy",
        "local_timestamp": "1765450868623",
        "timestamp": "1765450868493",
        "asset_price": 90294.025
    },
    {
        "price": "0.6",
        "size": "4.26",
        "side": "buy",
        "local_timestamp": "1765450868676",
        "timestamp": "1765450868545",
        "asset_price": 90294.025
    },
    {
        "price": "0.62",
        "size": "2.14516",
        "side": "buy",
        "local_timestamp": "1765450870312",
        "timestamp": "1765450870181",
        "asset_price": 90294.025
    },
    {
        "price": "0.61",
        "size": "10",
        "side": "sell",
        "local_timestamp": "1765450870854",
        "timestamp": "1765450870724",
        "asset_price": 90294.025
    },
    {
        "price": "0.62",
        "size": "5.080644",
        "side": "buy",
        "local_timestamp": "1765450872019",
        "timestamp": "1765450871887",
        "asset_price": 90289.935
    },
    {
        "price": "0.62",
        "size": "23.63",
        "side": "buy",
        "local_timestamp": "1765450872029",
        "timestamp": "1765450871898",
        "asset_price": 90289.935
    },
    {
        "price": "0.63",
        "size": "329.25",
        "side": "buy",
        "local_timestamp": "1765450873864",
        "timestamp": "1765450873733",
        "asset_price": 90289.935
    },
    {
        "price": "0.63",
        "size": "20",
        "side": "sell",
        "local_timestamp": "1765450874413",
        "timestamp": "1765450874283",
        "asset_price": 90289.935
    },
    {
        "price": "0.62",
        "size": "14",
        "side": "sell",
        "local_timestamp": "1765450874803",
        "timestamp": "1765450874672",
        "asset_price": 90289.935
    },
    {
        "price": "0.64",
        "size": "17.359375",
        "side": "buy",
        "local_timestamp": "1765450874898",
        "timestamp": "1765450874767",
        "asset_price": 90289.935
    },
    {
        "price": "0.63",
        "size": "1.650791",
        "side": "buy",
        "local_timestamp": "1765450876035",
        "timestamp": "1765450875905",
        "asset_price": 90289.935
    },
    {
        "price": "0.63",
        "size": "3.34",
        "side": "buy",
        "local_timestamp": "1765450876062",
        "timestamp": "1765450875929",
        "asset_price": 90289.935
    },
    {
        "price": "0.64",
        "size": "18.84375",
        "side": "buy",
        "local_timestamp": "1765450876740",
        "timestamp": "1765450876609",
        "asset_price": 90282.285
    },
    {
        "price": "0.65",
        "size": "10.769228",
        "side": "buy",
        "local_timestamp": "1765450877223",
        "timestamp": "1765450877093",
        "asset_price": 90282.285
    },
    {
        "price": "0.65",
        "size": "6.553845",
        "side": "buy",
        "local_timestamp": "1765450877351",
        "timestamp": "1765450877220",
        "asset_price": 90282.285
    },
    {
        "price": "0.64",
        "size": "12.390625",
        "side": "buy",
        "local_timestamp": "1765450878106",
        "timestamp": "1765450877975",
        "asset_price": 90282.285
    },
    {
        "price": "0.63",
        "size": "20.634919",
        "side": "buy",
        "local_timestamp": "1765450878755",
        "timestamp": "1765450878624",
        "asset_price": 90282.285
    },
    {
        "price": "0.63",
        "size": "10.317459",
        "side": "buy",
        "local_timestamp": "1765450878756",
        "timestamp": "1765450878625",
        "asset_price": 90282.285
    },
    {
        "price": "0.63",
        "size": "16.396824",
        "side": "buy",
        "local_timestamp": "1765450878819",
        "timestamp": "1765450878687",
        "asset_price": 90282.285
    },
    {
        "price": "0.62",
        "size": "15",
        "side": "sell",
        "local_timestamp": "1765450879053",
        "timestamp": "1765450878922",
        "asset_price": 90282.285
    },
    {
        "price": "0.62",
        "size": "15",
        "side": "sell",
        "local_timestamp": "1765450879097",
        "timestamp": "1765450878965",
        "asset_price": 90282.285
    },
    {
        "price": "0.63",
        "size": "1.5873",
        "side": "buy",
        "local_timestamp": "1765450879201",
        "timestamp": "1765450879069",
        "asset_price": 90282.285
    },
    {
        "price": "0.62",
        "size": "4.5",
        "side": "sell",
        "local_timestamp": "1765450879654",
        "timestamp": "1765450879521",
        "asset_price": 90284.095
    },
    {
        "price": "0.62",
        "size": "1.677418",
        "side": "buy",
        "local_timestamp": "1765450879759",
        "timestamp": "1765450879629",
        "asset_price": 90284.095
    },
    {
        "price": "0.61",
        "size": "5",
        "side": "sell",
        "local_timestamp": "1765450880200",
        "timestamp": "1765450880068",
        "asset_price": 90284.095
    },
    {
        "price": "0.63",
        "size": "17.920632",
        "side": "buy",
        "local_timestamp": "1765450881848",
        "timestamp": "1765450881718",
        "asset_price": 90284.095
    },
    {
        "price": "0.63",
        "size": "95.238094",
        "side": "buy",
        "local_timestamp": "1765450882001",
        "timestamp": "1765450881871",
        "asset_price": 90284.095
    },
    {
        "price": "0.63",
        "size": "1.5873",
        "side": "buy",
        "local_timestamp": "1765450882567",
        "timestamp": "1765450882436",
        "asset_price": 90289.935
    },
    {
        "price": "0.63",
        "size": "6.349205",
        "side": "buy",
        "local_timestamp": "1765450882655",
        "timestamp": "1765450882524",
        "asset_price": 90289.935
    },
    {
        "price": "0.62",
        "size": "15",
        "side": "sell",
        "local_timestamp": "1765450883060",
        "timestamp": "1765450882927",
        "asset_price": 90289.935
    },
    {
        "price": "0.62",
        "size": "15",
        "side": "sell",
        "local_timestamp": "1765450883064",
        "timestamp": "1765450882933",
        "asset_price": 90289.935
    },
    {
        "price": "0.63",
        "size": "17.650791",
        "side": "buy",
        "local_timestamp": "1765450883160",
        "timestamp": "1765450883030",
        "asset_price": 90289.935
    },
    {
        "price": "0.63",
        "size": "158.888886",
        "side": "buy",
        "local_timestamp": "1765450883295",
        "timestamp": "1765450883165",
        "asset_price": 90289.935
    },
    {
        "price": "0.63",
        "size": "1.650791",
        "side": "buy",
        "local_timestamp": "1765450883423",
        "timestamp": "1765450883293",
        "asset_price": 90289.935
    },
    {
        "price": "0.61",
        "size": "5",
        "side": "sell",
        "local_timestamp": "1765450884299",
        "timestamp": "1765450884168",
        "asset_price": 90289.935
    },
    {
        "price": "0.61",
        "size": "15",
        "side": "sell",
        "local_timestamp": "1765450884407",
        "timestamp": "1765450884276",
        "asset_price": 90289.935
    },
    {
        "price": "0.61",
        "size": "5",
        "side": "buy",
        "local_timestamp": "1765450885213",
        "timestamp": "1765450885082",
        "asset_price": 90289.935
    },
    {
        "price": "0.61",
        "size": "15",
        "side": "sell",
        "local_timestamp": "1765450885356",
        "timestamp": "1765450885221",
        "asset_price": 90289.935
    },
    {
        "price": "0.61",
        "size": "8",
        "side": "sell",
        "local_timestamp": "1765450885921",
        "timestamp": "1765450885791",
        "asset_price": 90289.935
    },
    {
        "price": "0.62",
        "size": "1.677418",
        "side": "buy",
        "local_timestamp": "1765450887057",
        "timestamp": "1765450886925",
        "asset_price": 90289.935
    },
    {
        "price": "0.61",
        "size": "15",
        "side": "sell",
        "local_timestamp": "1765450887718",
        "timestamp": "1765450887587",
        "asset_price": 90289.935
    },
    {
        "price": "0.62",
        "size": "90",
        "side": "buy",
        "local_timestamp": "1765450888775",
        "timestamp": "1765450888645",
        "asset_price": 90289.935
    },
    {
        "price": "0.6",
        "size": "8",
        "side": "sell",
        "local_timestamp": "1765450888983",
        "timestamp": "1765450888853",
        "asset_price": 90289.935
    },
    {
        "price": "0.61",
        "size": "9.327866",
        "side": "buy",
        "local_timestamp": "1765450889778",
        "timestamp": "1765450889647",
        "asset_price": 90301.42499999999
    },
    {
        "price": "0.6",
        "size": "15",
        "side": "sell",
        "local_timestamp": "1765450890037",
        "timestamp": "1765450889903",
        "asset_price": 90301.42499999999
    },
    {
        "price": "0.6",
        "size": "267.5",
        "side": "sell",
        "local_timestamp": "1765450890313",
        "timestamp": "1765450890182",
        "asset_price": 90301.42499999999
    },
    {
        "price": "0.59",
        "size": "1.762709",
        "side": "buy",
        "local_timestamp": "1765450890976",
        "timestamp": "1765450890640",
        "asset_price": 90301.42499999999
    },
    {
        "price": "0.57",
        "size": "89.5",
        "side": "sell",
        "local_timestamp": "1765450891449",
        "timestamp": "1765450891312",
        "asset_price": 90312.295
    },
    {
        "price": "0.57",
        "size": "6",
        "side": "buy",
        "local_timestamp": "1765450891796",
        "timestamp": "1765450891666",
        "asset_price": 90312.295
    },
    {
        "price": "0.54",
        "size": "3.166665",
        "side": "buy",
        "local_timestamp": "1765450892201",
        "timestamp": "1765450892071",
        "asset_price": 90312.295
    },
    {
        "price": "0.53",
        "size": "5",
        "side": "buy",
        "local_timestamp": "1765450892271",
        "timestamp": "1765450892139",
        "asset_price": 90312.295
    },
    {
        "price": "0.53",
        "size": "5.471697",
        "side": "buy",
        "local_timestamp": "1765450892578",
        "timestamp": "1765450892443",
        "asset_price": 90312.295
    },
    {
        "price": "0.53",
        "size": "2",
        "side": "buy",
        "local_timestamp": "1765450892670",
        "timestamp": "1765450892540",
        "asset_price": 90312.295
    },
    {
        "price": "0.53",
        "size": "3.056602",
        "side": "buy",
        "local_timestamp": "1765450892859",
        "timestamp": "1765450892723",
        "asset_price": 90312.295
    },
    {
        "price": "0.53",
        "size": "10.377357",
        "side": "buy",
        "local_timestamp": "1765450892991",
        "timestamp": "1765450892860",
        "asset_price": 90312.295
    },
    {
        "price": "0.53",
        "size": "11",
        "side": "buy",
        "local_timestamp": "1765450893179",
        "timestamp": "1765450893039",
        "asset_price": 90312.295
    },
    {
        "price": "0.53",
        "size": "5",
        "side": "buy",
        "local_timestamp": "1765450893337",
        "timestamp": "1765450893193",
        "asset_price": 90312.295
    },
    {
        "price": "0.53",
        "size": "5",
        "side": "buy",
        "local_timestamp": "1765450893719",
        "timestamp": "1765450893583",
        "asset_price": 90318.975
    },
    {
        "price": "0.52",
        "size": "2",
        "side": "sell",
        "local_timestamp": "1765450893817",
        "timestamp": "1765450893685",
        "asset_price": 90318.975
    },
    {
        "price": "0.53",
        "size": "13.06",
        "side": "buy",
        "local_timestamp": "1765450894100",
        "timestamp": "1765450893969",
        "asset_price": 90328.015
    },
    {
        "price": "0.53",
        "size": "11",
        "side": "buy",
        "local_timestamp": "1765450894288",
        "timestamp": "1765450894151",
        "asset_price": 90328.015
    },
    {
        "price": "0.52",
        "size": "7",
        "side": "buy",
        "local_timestamp": "1765450894615",
        "timestamp": "1765450894484",
        "asset_price": 90328.015
    },
    {
        "price": "0.51",
        "size": "10",
        "side": "sell",
        "local_timestamp": "1765450894668",
        "timestamp": "1765450894538",
        "asset_price": 90328.015
    },
    {
        "price": "0.5",
        "size": "20",
        "side": "sell",
        "local_timestamp": "1765450894712",
        "timestamp": "1765450894579",
        "asset_price": 90328.015
    },
    {
        "price": "0.49",
        "size": "35.6",
        "side": "sell",
        "local_timestamp": "1765450894793",
        "timestamp": "1765450894663",
        "asset_price": 90328.015
    },
    {
        "price": "0.47",
        "size": "41.2",
        "side": "sell",
        "local_timestamp": "1765450894864",
        "timestamp": "1765450894734",
        "asset_price": 90339.025
    },
    {
        "price": "0.48",
        "size": "5.6",
        "side": "buy",
        "local_timestamp": "1765450894865",
        "timestamp": "1765450894735",
        "asset_price": 90339.025
    },
    {
        "price": "0.48",
        "size": "5",
        "side": "buy",
        "local_timestamp": "1765450894880",
        "timestamp": "1765450894750",
        "asset_price": 90339.025
    },
    {
        "price": "0.48",
        "size": "5",
        "side": "buy",
        "local_timestamp": "1765450895507",
        "timestamp": "1765450895377",
        "asset_price": 90339.025
    },
    {
        "price": "0.47",
        "size": "7",
        "side": "buy",
        "local_timestamp": "1765450895632",
        "timestamp": "1765450895502",
        "asset_price": 90339.025
    },
    {
        "price": "0.44",
        "size": "27.77",
        "side": "buy",
        "local_timestamp": "1765450895716",
        "timestamp": "1765450895582",
        "asset_price": 90339.025
    },
    {
        "price": "0.43",
        "size": "2",
        "side": "buy",
        "local_timestamp": "1765450895767",
        "timestamp": "1765450895636",
        "asset_price": 90339.025
    },
    {
        "price": "0.44",
        "size": "19.13",
        "side": "buy",
        "local_timestamp": "1765450896207",
        "timestamp": "1765450896075",
        "asset_price": 90339.025
    },
    {
        "price": "0.44",
        "size": "18",
        "side": "buy",
        "local_timestamp": "1765450896221",
        "timestamp": "1765450896085",
        "asset_price": 90339.025
    },
    {
        "price": "0.44",
        "size": "5.6",
        "side": "buy",
        "local_timestamp": "1765450896221",
        "timestamp": "1765450896090",
        "asset_price": 90339.025
    },
    {
        "price": "0.44",
        "size": "8.7",
        "side": "buy",
        "local_timestamp": "1765450896222",
        "timestamp": "1765450896092",
        "asset_price": 90339.025
    },
    {
        "price": "0.44",
        "size": "3.272726",
        "side": "buy",
        "local_timestamp": "1765450896320",
        "timestamp": "1765450896190",
        "asset_price": 90339.025
    },
    {
        "price": "0.45",
        "size": "5",
        "side": "buy",
        "local_timestamp": "1765450896495",
        "timestamp": "1765450896362",
        "asset_price": 90335.08499999999
    },
    {
        "price": "0.45",
        "size": "342.954781",
        "side": "buy",
        "local_timestamp": "1765450896533",
        "timestamp": "1765450896401",
        "asset_price": 90335.08499999999
    },
    {
        "price": "0.46",
        "size": "7",
        "side": "buy",
        "local_timestamp": "1765450896635",
        "timestamp": "1765450896504",
        "asset_price": 90335.08499999999
    },
    {
        "price": "0.45",
        "size": "5",
        "side": "sell",
        "local_timestamp": "1765450896704",
        "timestamp": "1765450896574",
        "asset_price": 90335.08499999999
    },
    {
        "price": "0.47",
        "size": "405.811275",
        "side": "buy",
        "local_timestamp": "1765450896810",
        "timestamp": "1765450896679",
        "asset_price": 90335.08499999999
    },
    {
        "price": "0.47",
        "size": "469.787233",
        "side": "buy",
        "local_timestamp": "1765450896814",
        "timestamp": "1765450896683",
        "asset_price": 90335.08499999999
    },
    {
        "price": "0.47",
        "size": "321",
        "side": "buy",
        "local_timestamp": "1765450896814",
        "timestamp": "1765450896683",
        "asset_price": 90335.08499999999
    },
    {
        "price": "0.47",
        "size": "314.52",
        "side": "buy",
        "local_timestamp": "1765450896817",
        "timestamp": "1765450896687",
        "asset_price": 90335.08499999999
    },
    {
        "price": "0.48",
        "size": "270.79",
        "side": "buy",
        "local_timestamp": "1765450896868",
        "timestamp": "1765450896737",
        "asset_price": 90335.08499999999
    },
    {
        "price": "0.49",
        "size": "120.82",
        "side": "buy",
        "local_timestamp": "1765450897041",
        "timestamp": "1765450896911",
        "asset_price": 90335.08499999999
    },
    {
        "price": "0.5",
        "size": "223.5",
        "side": "buy",
        "local_timestamp": "1765450897044",
        "timestamp": "1765450896914",
        "asset_price": 90335.08499999999
    },
    {
        "price": "0.51",
        "size": "508.902306",
        "side": "buy",
        "local_timestamp": "1765450897053",
        "timestamp": "1765450896922",
        "asset_price": 90335.08499999999
    },
    {
        "price": "0.49",
        "size": "399.673468",
        "side": "buy",
        "local_timestamp": "1765450897060",
        "timestamp": "1765450896929",
        "asset_price": 90335.08499999999
    },
    {
        "price": "0.52",
        "size": "454.980768",
        "side": "buy",
        "local_timestamp": "1765450897519",
        "timestamp": "1765450897389",
        "asset_price": 90335.08499999999
    },
    {
        "price": "0.5",
        "size": "136.92",
        "side": "buy",
        "local_timestamp": "1765450897909",
        "timestamp": "1765450897779",
        "asset_price": 90335.08499999999
    },
    {
        "price": "0.49",
        "size": "26.26",
        "side": "sell",
        "local_timestamp": "1765450898188",
        "timestamp": "1765450898057",
        "asset_price": 90335.08499999999
    },
    {
        "price": "0.52",
        "size": "2",
        "side": "buy",
        "local_timestamp": "1765450898447",
        "timestamp": "1765450898317",
        "asset_price": 90335.08499999999
    },
    {
        "price": "0.49",
        "size": "15",
        "side": "sell",
        "local_timestamp": "1765450898449",
        "timestamp": "1765450898319",
        "asset_price": 90335.08499999999
    },
    {
        "price": "0.5",
        "size": "7",
        "side": "buy",
        "local_timestamp": "1765450899847",
        "timestamp": "1765450899716",
        "asset_price": 90335.08499999999
    },
    {
        "price": "0.5",
        "size": "5",
        "side": "buy",
        "local_timestamp": "1765450899905",
        "timestamp": "1765450899772",
        "asset_price": 90335.08499999999
    },
    {
        "price": "0.5",
        "size": "5",
        "side": "buy",
        "local_timestamp": "1765450900643",
        "timestamp": "1765450900208",
        "asset_price": 90335.08499999999
    },
    {
        "price": "0.5",
        "size": "6",
        "side": "buy",
        "local_timestamp": "1765450900644",
        "timestamp": "1765450900259",
        "asset_price": 90335.08499999999
    },
    {
        "price": "0.5",
        "size": "2",
        "side": "buy",
        "local_timestamp": "1765450900644",
        "timestamp": "1765450900384",
        "asset_price": 90335.08499999999
    },
    {
        "price": "0.5",
        "size": "2",
        "side": "buy",
        "local_timestamp": "1765450900721",
        "timestamp": "1765450900591",
        "asset_price": 90335.08499999999
    },
    {
        "price": "0.49",
        "size": "106.92",
        "side": "buy",
        "local_timestamp": "1765450901448",
        "timestamp": "1765450901315",
        "asset_price": 90335.08499999999
    },
    {
        "price": "0.5",
        "size": "7",
        "side": "buy",
        "local_timestamp": "1765450901629",
        "timestamp": "1765450901499",
        "asset_price": 90335.08499999999
    },
    {
        "price": "0.48",
        "size": "7",
        "side": "buy",
        "local_timestamp": "1765450902630",
        "timestamp": "1765450902500",
        "asset_price": 90335.08499999999
    },
    {
        "price": "0.48",
        "size": "5",
        "side": "buy",
        "local_timestamp": "1765450903165",
        "timestamp": "1765450903033",
        "asset_price": 90335.08499999999
    },
    {
        "price": "0.49",
        "size": "7",
        "side": "buy",
        "local_timestamp": "1765450903613",
        "timestamp": "1765450903483",
        "asset_price": 90335.08499999999
    },
    {
        "price": "0.47",
        "size": "5",
        "side": "buy",
        "local_timestamp": "1765450904231",
        "timestamp": "1765450904101",
        "asset_price": 90335.08499999999
    },
    {
        "price": "0.47",
        "size": "7",
        "side": "buy",
        "local_timestamp": "1765450904648",
        "timestamp": "1765450904517",
        "asset_price": 90335.08499999999
    },
    {
        "price": "0.47",
        "size": "169",
        "side": "buy",
        "local_timestamp": "1765450905431",
        "timestamp": "1765450905300",
        "asset_price": 90335.08499999999
    },
    {
        "price": "0.48",
        "size": "15",
        "side": "buy",
        "local_timestamp": "1765450906496",
        "timestamp": "1765450906365",
        "asset_price": 90335.08499999999
    },
    {
        "price": "0.48",
        "size": "15",
        "side": "buy",
        "local_timestamp": "1765450906514",
        "timestamp": "1765450906384",
        "asset_price": 90335.08499999999
    },
    {
        "price": "0.49",
        "size": "7",
        "side": "buy",
        "local_timestamp": "1765450907481",
        "timestamp": "1765450907350",
        "asset_price": 90335.08499999999
    },
    {
        "price": "0.49",
        "size": "15",
        "side": "buy",
        "local_timestamp": "1765450907630",
        "timestamp": "1765450907500",
        "asset_price": 90335.08499999999
    },
    {
        "price": "0.49",
        "size": "20.857141",
        "side": "buy",
        "local_timestamp": "1765450907673",
        "timestamp": "1765450907540",
        "asset_price": 90335.08499999999
    },
    {
        "price": "0.49",
        "size": "15",
        "side": "buy",
        "local_timestamp": "1765450907693",
        "timestamp": "1765450907563",
        "asset_price": 90335.08499999999
    },
    {
        "price": "0.48",
        "size": "412",
        "side": "sell",
        "local_timestamp": "1765450908191",
        "timestamp": "1765450908061",
        "asset_price": 90335.08499999999
    },
    {
        "price": "0.49",
        "size": "10",
        "side": "buy",
        "local_timestamp": "1765450908674",
        "timestamp": "1765450908544",
        "asset_price": 90335.08499999999
    },
    {
        "price": "0.49",
        "size": "6",
        "side": "buy",
        "local_timestamp": "1765450908737",
        "timestamp": "1765450908606",
        "asset_price": 90335.08499999999
    },
    {
        "price": "0.49",
        "size": "21.510203",
        "side": "buy",
        "local_timestamp": "1765450908751",
        "timestamp": "1765450908621",
        "asset_price": 90335.08499999999
    },
    {
        "price": "0.48",
        "size": "5",
        "side": "sell",
        "local_timestamp": "1765450908938",
        "timestamp": "1765450908807",
        "asset_price": 90335.08499999999
    },
    {
        "price": "0.49",
        "size": "7",
        "side": "buy",
        "local_timestamp": "1765450909083",
        "timestamp": "1765450908951",
        "asset_price": 90335.08499999999
    },
    {
        "price": "0.49",
        "size": "15",
        "side": "buy",
        "local_timestamp": "1765450909277",
        "timestamp": "1765450909146",
        "asset_price": 90335.08499999999
    },
    {
        "price": "0.49",
        "size": "15",
        "side": "buy",
        "local_timestamp": "1765450909298",
        "timestamp": "1765450909159",
        "asset_price": 90335.08499999999
    },
    {
        "price": "0.49",
        "size": "200",
        "side": "buy",
        "local_timestamp": "1765450909436",
        "timestamp": "1765450909302",
        "asset_price": 90335.08499999999
    },
    {
        "price": "0.49",
        "size": "5",
        "side": "buy",
        "local_timestamp": "1765450909621",
        "timestamp": "1765450909490",
        "asset_price": 90335.08499999999
    },
    {
        "price": "0.49",
        "size": "6.5",
        "side": "buy",
        "local_timestamp": "1765450910048",
        "timestamp": "1765450909918",
        "asset_price": 90327.285
    },
    {
        "price": "0.5",
        "size": "11",
        "side": "buy",
        "local_timestamp": "1765450910497",
        "timestamp": "1765450910364",
        "asset_price": 90327.285
    },
    {
        "price": "0.5",
        "size": "17",
        "side": "buy",
        "local_timestamp": "1765450910511",
        "timestamp": "1765450910381",
        "asset_price": 90327.285
    },
    {
        "price": "0.51",
        "size": "10",
        "side": "buy",
        "local_timestamp": "1765450910541",
        "timestamp": "1765450910411",
        "asset_price": 90327.285
    },
    {
        "price": "0.52",
        "size": "18",
        "side": "buy",
        "local_timestamp": "1765450910712",
        "timestamp": "1765450910582",
        "asset_price": 90327.285
    },
    {
        "price": "0.52",
        "size": "3",
        "side": "buy",
        "local_timestamp": "1765450911333",
        "timestamp": "1765450911199",
        "asset_price": 90327.285
    },
    {
        "price": "0.52",
        "size": "15",
        "side": "buy",
        "local_timestamp": "1765450911717",
        "timestamp": "1765450911587",
        "asset_price": 90327.285
    },
    {
        "price": "0.52",
        "size": "15",
        "side": "buy",
        "local_timestamp": "1765450911723",
        "timestamp": "1765450911593",
        "asset_price": 90327.285
    },
    {
        "price": "0.52",
        "size": "5",
        "side": "buy",
        "local_timestamp": "1765450911819",
        "timestamp": "1765450911688",
        "asset_price": 90327.285
    },
    {
        "price": "0.52",
        "size": "6",
        "side": "buy",
        "local_timestamp": "1765450912278",
        "timestamp": "1765450912143",
        "asset_price": 90327.285
    },
    {
        "price": "0.52",
        "size": "7",
        "side": "buy",
        "local_timestamp": "1765450912651",
        "timestamp": "1765450912519",
        "asset_price": 90319.185
    },
    {
        "price": "0.52",
        "size": "5",
        "side": "buy",
        "local_timestamp": "1765450912891",
        "timestamp": "1765450912757",
        "asset_price": 90319.185
    },
    {
        "price": "0.52",
        "size": "15",
        "side": "buy",
        "local_timestamp": "1765450912998",
        "timestamp": "1765450912863",
        "asset_price": 90319.185
    },
    {
        "price": "0.52",
        "size": "15",
        "side": "buy",
        "local_timestamp": "1765450913023",
        "timestamp": "1765450912893",
        "asset_price": 90319.185
    },
    {
        "price": "0.52",
        "size": "200",
        "side": "buy",
        "local_timestamp": "1765450913188",
        "timestamp": "1765450913058",
        "asset_price": 90319.185
    },
    {
        "price": "0.52",
        "size": "11.153845",
        "side": "buy",
        "local_timestamp": "1765450913195",
        "timestamp": "1765450913065",
        "asset_price": 90319.185
    },
    {
        "price": "0.52",
        "size": "253",
        "side": "buy",
        "local_timestamp": "1765450913209",
        "timestamp": "1765450913079",
        "asset_price": 90319.185
    },
    {
        "price": "0.52",
        "size": "300",
        "side": "buy",
        "local_timestamp": "1765450913220",
        "timestamp": "1765450913090",
        "asset_price": 90319.185
    },
    {
        "price": "0.52",
        "size": "168.173075",
        "side": "buy",
        "local_timestamp": "1765450913223",
        "timestamp": "1765450913093",
        "asset_price": 90319.185
    },
    {
        "price": "0.52",
        "size": "30",
        "side": "buy",
        "local_timestamp": "1765450913226",
        "timestamp": "1765450913095",
        "asset_price": 90319.185
    },
    {
        "price": "0.52",
        "size": "200",
        "side": "buy",
        "local_timestamp": "1765450913246",
        "timestamp": "1765450913115",
        "asset_price": 90319.185
    },
    {
        "price": "0.52",
        "size": "66.66",
        "side": "buy",
        "local_timestamp": "1765450913258",
        "timestamp": "1765450913128",
        "asset_price": 90319.185
    },
    {
        "price": "0.55",
        "size": "13",
        "side": "buy",
        "local_timestamp": "1765450913515",
        "timestamp": "1765450913383",
        "asset_price": 90319.185
    },
    {
        "price": "0.54",
        "size": "14",
        "side": "buy",
        "local_timestamp": "1765450914140",
        "timestamp": "1765450914010",
        "asset_price": 90319.185
    },
    {
        "price": "0.54",
        "size": "16",
        "side": "buy",
        "local_timestamp": "1765450914749",
        "timestamp": "1765450914619",
        "asset_price": 90319.185
    },
    {
        "price": "0.54",
        "size": "2",
        "side": "buy",
        "local_timestamp": "1765450915107",
        "timestamp": "1765450914976",
        "asset_price": 90319.185
    },
    {
        "price": "0.54",
        "size": "15",
        "side": "buy",
        "local_timestamp": "1765450915828",
        "timestamp": "1765450915697",
        "asset_price": 90319.185
    },
    {
        "price": "0.55",
        "size": "6",
        "side": "buy",
        "local_timestamp": "1765450915829",
        "timestamp": "1765450915698",
        "asset_price": 90319.185
    },
    {
        "price": "0.53",
        "size": "5",
        "side": "sell",
        "local_timestamp": "1765450915831",
        "timestamp": "1765450915700",
        "asset_price": 90319.185
    },
    {
        "price": "0.55",
        "size": "18",
        "side": "buy",
        "local_timestamp": "1765450915858",
        "timestamp": "1765450915727",
        "asset_price": 90319.185
    },
    {
        "price": "0.55",
        "size": "6",
        "side": "buy",
        "local_timestamp": "1765450915872",
        "timestamp": "1765450915742",
        "asset_price": 90319.185
    },
    {
        "price": "0.55",
        "size": "18",
        "side": "buy",
        "local_timestamp": "1765450916478",
        "timestamp": "1765450916347",
        "asset_price": 90319.185
    },
    {
        "price": "0.55",
        "size": "91",
        "side": "buy",
        "local_timestamp": "1765450918030",
        "timestamp": "1765450917879",
        "asset_price": 90319.185
    },
    {
        "price": "0.55",
        "size": "18",
        "side": "buy",
        "local_timestamp": "1765450918340",
        "timestamp": "1765450918209",
        "asset_price": 90319.185
    },
    {
        "price": "0.55",
        "size": "18",
        "side": "buy",
        "local_timestamp": "1765450919029",
        "timestamp": "1765450918898",
        "asset_price": 90319.185
    },
    {
        "price": "0.55",
        "size": "18",
        "side": "buy",
        "local_timestamp": "1765450920075",
        "timestamp": "1765450919528",
        "asset_price": 90319.185
    },
    {
        "price": "0.54",
        "size": "5",
        "side": "sell",
        "local_timestamp": "1765450920076",
        "timestamp": "1765450919634",
        "asset_price": 90319.185
    },
    {
        "price": "0.54",
        "size": "5",
        "side": "sell",
        "local_timestamp": "1765450920552",
        "timestamp": "1765450920421",
        "asset_price": 90319.185
    },
    {
        "price": "0.56",
        "size": "7",
        "side": "buy",
        "local_timestamp": "1765450920667",
        "timestamp": "1765450920536",
        "asset_price": 90310.155
    },
    {
        "price": "0.56",
        "size": "18",
        "side": "buy",
        "local_timestamp": "1765450920897",
        "timestamp": "1765450920766",
        "asset_price": 90310.155
    },
    {
        "price": "0.55",
        "size": "6",
        "side": "buy",
        "local_timestamp": "1765450920904",
        "timestamp": "1765450920774",
        "asset_price": 90310.155
    },
    {
        "price": "0.56",
        "size": "10.892856",
        "side": "buy",
        "local_timestamp": "1765450921374",
        "timestamp": "1765450921244",
        "asset_price": 90310.155
    },
    {
        "price": "0.56",
        "size": "5",
        "side": "buy",
        "local_timestamp": "1765450921383",
        "timestamp": "1765450921253",
        "asset_price": 90310.155
    },
    {
        "price": "0.56",
        "size": "18",
        "side": "buy",
        "local_timestamp": "1765450921412",
        "timestamp": "1765450921281",
        "asset_price": 90310.155
    },
    {
        "price": "0.56",
        "size": "15.72",
        "side": "buy",
        "local_timestamp": "1765450921475",
        "timestamp": "1765450921344",
        "asset_price": 90310.155
    },
    {
        "price": "0.56",
        "size": "53.375",
        "side": "buy",
        "local_timestamp": "1765450921477",
        "timestamp": "1765450921346",
        "asset_price": 90310.155
    },
    {
        "price": "0.57",
        "size": "18",
        "side": "buy",
        "local_timestamp": "1765450921521",
        "timestamp": "1765450921390",
        "asset_price": 90310.155
    },
    {
        "price": "0.56",
        "size": "5",
        "side": "buy",
        "local_timestamp": "1765450921623",
        "timestamp": "1765450921492",
        "asset_price": 90310.155
    },
    {
        "price": "0.55",
        "size": "5",
        "side": "buy",
        "local_timestamp": "1765450921761",
        "timestamp": "1765450921629",
        "asset_price": 90310.155
    },
    {
        "price": "0.57",
        "size": "10",
        "side": "buy",
        "local_timestamp": "1765450921910",
        "timestamp": "1765450921780",
        "asset_price": 90310.155
    },
    {
        "price": "0.57",
        "size": "10",
        "side": "buy",
        "local_timestamp": "1765450921941",
        "timestamp": "1765450921810",
        "asset_price": 90310.155
    },
    {
        "price": "0.54",
        "size": "5",
        "side": "sell",
        "local_timestamp": "1765450922120",
        "timestamp": "1765450921983",
        "asset_price": 90310.155
    },
    {
        "price": "0.55",
        "size": "5",
        "side": "buy",
        "local_timestamp": "1765450922133",
        "timestamp": "1765450922003",
        "asset_price": 90310.155
    },
    {
        "price": "0.57",
        "size": "10",
        "side": "buy",
        "local_timestamp": "1765450922570",
        "timestamp": "1765450922438",
        "asset_price": 90310.155
    },
    {
        "price": "0.57",
        "size": "10",
        "side": "buy",
        "local_timestamp": "1765450922597",
        "timestamp": "1765450922466",
        "asset_price": 90310.155
    },
    {
        "price": "0.55",
        "size": "4",
        "side": "sell",
        "local_timestamp": "1765450922893",
        "timestamp": "1765450922761",
        "asset_price": 90310.155
    },
    {
        "price": "0.57",
        "size": "10",
        "side": "buy",
        "local_timestamp": "1765450923248",
        "timestamp": "1765450923117",
        "asset_price": 90310.155
    },
    {
        "price": "0.57",
        "size": "10",
        "side": "buy",
        "local_timestamp": "1765450923263",
        "timestamp": "1765450923132",
        "asset_price": 90310.155
    },
    {
        "price": "0.56",
        "size": "7",
        "side": "buy",
        "local_timestamp": "1765450923736",
        "timestamp": "1765450923606",
        "asset_price": 90310.155
    },
    {
        "price": "0.56",
        "size": "10",
        "side": "buy",
        "local_timestamp": "1765450923923",
        "timestamp": "1765450923791",
        "asset_price": 90310.155
    },
    {
        "price": "0.56",
        "size": "10",
        "side": "buy",
        "local_timestamp": "1765450923951",
        "timestamp": "1765450923815",
        "asset_price": 90310.155
    },
    {
        "price": "0.57",
        "size": "5",
        "side": "buy",
        "local_timestamp": "1765450923952",
        "timestamp": "1765450923819",
        "asset_price": 90310.155
    },
    {
        "price": "0.56",
        "size": "5",
        "side": "buy",
        "local_timestamp": "1765450924410",
        "timestamp": "1765450924279",
        "asset_price": 90310.155
    },
    {
        "price": "0.56",
        "size": "5",
        "side": "buy",
        "local_timestamp": "1765450924438",
        "timestamp": "1765450924307",
        "asset_price": 90310.155
    },
    {
        "price": "0.56",
        "size": "5",
        "side": "buy",
        "local_timestamp": "1765450924573",
        "timestamp": "1765450924442",
        "asset_price": 90310.155
    },
    {
        "price": "0.57",
        "size": "10",
        "side": "buy",
        "local_timestamp": "1765450924605",
        "timestamp": "1765450924474",
        "asset_price": 90310.155
    },
    {
        "price": "0.57",
        "size": "7",
        "side": "buy",
        "local_timestamp": "1765450924681",
        "timestamp": "1765450924551",
        "asset_price": 90310.155
    },
    {
        "price": "0.55",
        "size": "5",
        "side": "sell",
        "local_timestamp": "1765450924942",
        "timestamp": "1765450924811",
        "asset_price": 90310.155
    },
    {
        "price": "0.55",
        "size": "5",
        "side": "sell",
        "local_timestamp": "1765450925074",
        "timestamp": "1765450924943",
        "asset_price": 90310.155
    },
    {
        "price": "0.56",
        "size": "8",
        "side": "buy",
        "local_timestamp": "1765450925200",
        "timestamp": "1765450925069",
        "asset_price": 90310.155
    },
    {
        "price": "0.57",
        "size": "7",
        "side": "buy",
        "local_timestamp": "1765450925697",
        "timestamp": "1765450925567",
        "asset_price": 90310.155
    },
    {
        "price": "0.57",
        "size": "10",
        "side": "buy",
        "local_timestamp": "1765450925832",
        "timestamp": "1765450925699",
        "asset_price": 90310.155
    },
    {
        "price": "0.56",
        "size": "3",
        "side": "buy",
        "local_timestamp": "1765450926443",
        "timestamp": "1765450926309",
        "asset_price": 90310.155
    },
    {
        "price": "0.55",
        "size": "7",
        "side": "buy",
        "local_timestamp": "1765450926694",
        "timestamp": "1765450926564",
        "asset_price": 90310.155
    },
    {
        "price": "0.55",
        "size": "10",
        "side": "buy",
        "local_timestamp": "1765450927070",
        "timestamp": "1765450926939",
        "asset_price": 90310.155
    },
    {
        "price": "0.54",
        "size": "15",
        "side": "sell",
        "local_timestamp": "1765450927160",
        "timestamp": "1765450927029",
        "asset_price": 90310.155
    },
    {
        "price": "0.55",
        "size": "3",
        "side": "buy",
        "local_timestamp": "1765450927365",
        "timestamp": "1765450927235",
        "asset_price": 90310.155
    },
    {
        "price": "0.55",
        "size": "2",
        "side": "buy",
        "local_timestamp": "1765450927380",
        "timestamp": "1765450927245",
        "asset_price": 90310.155
    },
    {
        "price": "0.56",
        "size": "17.821427",
        "side": "buy",
        "local_timestamp": "1765450927411",
        "timestamp": "1765450927281",
        "asset_price": 90310.155
    },
    {
        "price": "0.56",
        "size": "3",
        "side": "buy",
        "local_timestamp": "1765450927692",
        "timestamp": "1765450927561",
        "asset_price": 90310.155
    },
    {
        "price": "0.56",
        "size": "5",
        "side": "buy",
        "local_timestamp": "1765450928234",
        "timestamp": "1765450928101",
        "asset_price": 90310.155
    },
    {
        "price": "0.56",
        "size": "6",
        "side": "buy",
        "local_timestamp": "1765450928329",
        "timestamp": "1765450928199",
        "asset_price": 90310.155
    },
    {
        "price": "0.55",
        "size": "5",
        "side": "sell",
        "local_timestamp": "1765450928412",
        "timestamp": "1765450928282",
        "asset_price": 90310.155
    },
    {
        "price": "0.55",
        "size": "7",
        "side": "buy",
        "local_timestamp": "1765450928710",
        "timestamp": "1765450928579",
        "asset_price": 90310.155
    },
    {
        "price": "0.55",
        "size": "10",
        "side": "buy",
        "local_timestamp": "1765450928950",
        "timestamp": "1765450928813",
        "asset_price": 90310.155
    },
    {
        "price": "0.56",
        "size": "3",
        "side": "buy",
        "local_timestamp": "1765450928988",
        "timestamp": "1765450928857",
        "asset_price": 90310.155
    },
    {
        "price": "0.54",
        "size": "5",
        "side": "sell",
        "local_timestamp": "1765450929101",
        "timestamp": "1765450928963",
        "asset_price": 90310.155
    },
    {
        "price": "0.54",
        "size": "5",
        "side": "sell",
        "local_timestamp": "1765450929101",
        "timestamp": "1765450928968",
        "asset_price": 90310.155
    },
    {
        "price": "0.56",
        "size": "10",
        "side": "buy",
        "local_timestamp": "1765450929173",
        "timestamp": "1765450929043",
        "asset_price": 90310.155
    },
    {
        "price": "0.57",
        "size": "5",
        "side": "buy",
        "local_timestamp": "1765450929560",
        "timestamp": "1765450929429",
        "asset_price": 90310.155
    },
    {
        "price": "0.55",
        "size": "6",
        "side": "sell",
        "local_timestamp": "1765450929593",
        "timestamp": "1765450929462",
        "asset_price": 90310.155
    },
    {
        "price": "0.57",
        "size": "7",
        "side": "buy",
        "local_timestamp": "1765450929690",
        "timestamp": "1765450929559",
        "asset_price": 90310.155
    },
    {
        "price": "0.57",
        "size": "7",
        "side": "buy",
        "local_timestamp": "1765450929796",
        "timestamp": "1765450929665",
        "asset_price": 90310.155
    },
    {
        "price": "0.57",
        "size": "7",
        "side": "buy",
        "local_timestamp": "1765450930192",
        "timestamp": "1765450930061",
        "asset_price": 90310.155
    },
    {
        "price": "0.56",
        "size": "10",
        "side": "buy",
        "local_timestamp": "1765450930766",
        "timestamp": "1765450930636",
        "asset_price": 90310.155
    },
    {
        "price": "0.54",
        "size": "7",
        "side": "buy",
        "local_timestamp": "1765450931055",
        "timestamp": "1765450930923",
        "asset_price": 90310.155
    },
    {
        "price": "0.54",
        "size": "7",
        "side": "buy",
        "local_timestamp": "1765450931215",
        "timestamp": "1765450931085",
        "asset_price": 90310.155
    },
    {
        "price": "0.54",
        "size": "5",
        "side": "buy",
        "local_timestamp": "1765450931529",
        "timestamp": "1765450931398",
        "asset_price": 90310.155
    },
    {
        "price": "0.56",
        "size": "7",
        "side": "buy",
        "local_timestamp": "1765450931707",
        "timestamp": "1765450931575",
        "asset_price": 90310.155
    },
    {
        "price": "0.55",
        "size": "5",
        "side": "sell",
        "local_timestamp": "1765450931856",
        "timestamp": "1765450931726",
        "asset_price": 90310.155
    },
    {
        "price": "0.56",
        "size": "19.321427",
        "side": "buy",
        "local_timestamp": "1765450932323",
        "timestamp": "1765450932191",
        "asset_price": 90310.155
    },
    {
        "price": "0.54",
        "size": "18",
        "side": "buy",
        "local_timestamp": "1765450932514",
        "timestamp": "1765450932379",
        "asset_price": 90310.155
    },
    {
        "price": "0.54",
        "size": "7",
        "side": "buy",
        "local_timestamp": "1765450932691",
        "timestamp": "1765450932558",
        "asset_price": 90310.155
    },
    {
        "price": "0.54",
        "size": "5",
        "side": "buy",
        "local_timestamp": "1765450933025",
        "timestamp": "1765450932894",
        "asset_price": 90310.155
    },
    {
        "price": "0.54",
        "size": "5",
        "side": "buy",
        "local_timestamp": "1765450933056",
        "timestamp": "1765450932925",
        "asset_price": 90310.155
    },
    {
        "price": "0.53",
        "size": "15",
        "side": "sell",
        "local_timestamp": "1765450933827",
        "timestamp": "1765450933157",
        "asset_price": 90310.155
    },
    {
        "price": "0.53",
        "size": "15",
        "side": "sell",
        "local_timestamp": "1765450933827",
        "timestamp": "1765450933166",
        "asset_price": 90310.155
    },
    {
        "price": "0.54",
        "size": "7",
        "side": "buy",
        "local_timestamp": "1765450933828",
        "timestamp": "1765450933351",
        "asset_price": 90310.155
    },
    {
        "price": "0.54",
        "size": "7",
        "side": "buy",
        "local_timestamp": "1765450933829",
        "timestamp": "1765450933580",
        "asset_price": 90310.155
    },
    {
        "price": "0.54",
        "size": "2",
        "side": "buy",
        "local_timestamp": "1765450933829",
        "timestamp": "1765450933643",
        "asset_price": 90310.155
    },
    {
        "price": "0.53",
        "size": "5",
        "side": "sell",
        "local_timestamp": "1765450933859",
        "timestamp": "1765450933729",
        "asset_price": 90310.155
    },
    {
        "price": "0.54",
        "size": "12.94",
        "side": "buy",
        "local_timestamp": "1765450934202",
        "timestamp": "1765450934072",
        "asset_price": 90310.155
    },
    {
        "price": "0.54",
        "size": "12.94",
        "side": "buy",
        "local_timestamp": "1765450934207",
        "timestamp": "1765450934074",
        "asset_price": 90310.155
    },
    {
        "price": "0.55",
        "size": "12.94",
        "side": "buy",
        "local_timestamp": "1765450934208",
        "timestamp": "1765450934077",
        "asset_price": 90310.155
    },
    {
        "price": "0.55",
        "size": "12.94",
        "side": "buy",
        "local_timestamp": "1765450934218",
        "timestamp": "1765450934086",
        "asset_price": 90310.155
    },
    {
        "price": "0.55",
        "size": "9.24",
        "side": "buy",
        "local_timestamp": "1765450934225",
        "timestamp": "1765450934089",
        "asset_price": 90310.155
    },
    {
        "price": "0.54",
        "size": "1.85185",
        "side": "buy",
        "local_timestamp": "1765450934707",
        "timestamp": "1765450934575",
        "asset_price": 90310.155
    },
    {
        "price": "0.54",
        "size": "7",
        "side": "buy",
        "local_timestamp": "1765450934765",
        "timestamp": "1765450934634",
        "asset_price": 90310.155
    },
    {
        "price": "0.54",
        "size": "7",
        "side": "buy",
        "local_timestamp": "1765450934944",
        "timestamp": "1765450934814",
        "asset_price": 90310.155
    },
    {
        "price": "0.54",
        "size": "7",
        "side": "buy",
        "local_timestamp": "1765450935708",
        "timestamp": "1765450935578",
        "asset_price": 90310.155
    },
    {
        "price": "0.54",
        "size": "2",
        "side": "buy",
        "local_timestamp": "1765450935941",
        "timestamp": "1765450935809",
        "asset_price": 90310.155
    },
    {
        "price": "0.54",
        "size": "200",
        "side": "buy",
        "local_timestamp": "1765450936617",
        "timestamp": "1765450936487",
        "asset_price": 90310.155
    },
    {
        "price": "0.54",
        "size": "7",
        "side": "buy",
        "local_timestamp": "1765450936723",
        "timestamp": "1765450936583",
        "asset_price": 90310.155
    },
    {
        "price": "0.54",
        "size": "7",
        "side": "buy",
        "local_timestamp": "1765450936878",
        "timestamp": "1765450936748",
        "asset_price": 90310.155
    },
    {
        "price": "0.54",
        "size": "7",
        "side": "buy",
        "local_timestamp": "1765450936897",
        "timestamp": "1765450936767",
        "asset_price": 90310.155
    },
    {
        "price": "0.53",
        "size": "6",
        "side": "sell",
        "local_timestamp": "1765450937313",
        "timestamp": "1765450937182",
        "asset_price": 90310.155
    },
    {
        "price": "0.53",
        "size": "15",
        "side": "sell",
        "local_timestamp": "1765450937345",
        "timestamp": "1765450937214",
        "asset_price": 90310.155
    },
    {
        "price": "0.54",
        "size": "12.962961",
        "side": "buy",
        "local_timestamp": "1765450937381",
        "timestamp": "1765450937250",
        "asset_price": 90310.155
    },
    {
        "price": "0.54",
        "size": "6",
        "side": "buy",
        "local_timestamp": "1765450937418",
        "timestamp": "1765450937286",
        "asset_price": 90310.155
    },
    {
        "price": "0.55",
        "size": "5",
        "side": "buy",
        "local_timestamp": "1765450937995",
        "timestamp": "1765450937863",
        "asset_price": 90310.155
    },
    {
        "price": "0.54",
        "size": "50",
        "side": "buy",
        "local_timestamp": "1765450939658",
        "timestamp": "1765450939528",
        "asset_price": 90310.155
    },
    {
        "price": "0.54",
        "size": "5",
        "side": "buy",
        "local_timestamp": "1765450939665",
        "timestamp": "1765450939532",
        "asset_price": 90310.155
    },
    {
        "price": "0.54",
        "size": "7",
        "side": "buy",
        "local_timestamp": "1765450939706",
        "timestamp": "1765450939573",
        "asset_price": 90310.155
    },
    {
        "price": "0.54",
        "size": "2",
        "side": "buy",
        "local_timestamp": "1765450940162",
        "timestamp": "1765450940031",
        "asset_price": 90310.155
    },
    {
        "price": "0.54",
        "size": "31.3",
        "side": "buy",
        "local_timestamp": "1765450940177",
        "timestamp": "1765450940046",
        "asset_price": 90310.155
    },
    {
        "price": "0.54",
        "size": "2",
        "side": "buy",
        "local_timestamp": "1765450942586",
        "timestamp": "1765450942455",
        "asset_price": 90310.155
    },
    {
        "price": "0.54",
        "size": "6",
        "side": "buy",
        "local_timestamp": "1765450942663",
        "timestamp": "1765450942532",
        "asset_price": 90310.155
    },
    {
        "price": "0.54",
        "size": "5.83",
        "side": "buy",
        "local_timestamp": "1765450942667",
        "timestamp": "1765450942536",
        "asset_price": 90310.155
    },
    {
        "price": "0.55",
        "size": "210",
        "side": "buy",
        "local_timestamp": "1765450942668",
        "timestamp": "1765450942537",
        "asset_price": 90310.155
    },
    {
        "price": "0.54",
        "size": "5",
        "side": "sell",
        "local_timestamp": "1765450942721",
        "timestamp": "1765450942591",
        "asset_price": 90310.155
    },
    {
        "price": "0.55",
        "size": "10",
        "side": "sell",
        "local_timestamp": "1765450943272",
        "timestamp": "1765450943142",
        "asset_price": 90310.155
    },
    {
        "price": "0.56",
        "size": "10",
        "side": "buy",
        "local_timestamp": "1765450943312",
        "timestamp": "1765450943181",
        "asset_price": 90310.155
    },
    {
        "price": "0.56",
        "size": "10",
        "side": "buy",
        "local_timestamp": "1765450943354",
        "timestamp": "1765450943225",
        "asset_price": 90310.155
    },
    {
        "price": "0.56",
        "size": "8",
        "side": "buy",
        "local_timestamp": "1765450943372",
        "timestamp": "1765450943242",
        "asset_price": 90310.155
    },
    {
        "price": "0.56",
        "size": "6",
        "side": "buy",
        "local_timestamp": "1765450943389",
        "timestamp": "1765450943258",
        "asset_price": 90310.155
    },
    {
        "price": "0.56",
        "size": "5",
        "side": "buy",
        "local_timestamp": "1765450944170",
        "timestamp": "1765450944038",
        "asset_price": 90310.155
    },
    {
        "price": "0.56",
        "size": "11.33",
        "side": "buy",
        "local_timestamp": "1765450944445",
        "timestamp": "1765450944315",
        "asset_price": 90310.155
    },
    {
        "price": "0.56",
        "size": "11.33",
        "side": "buy",
        "local_timestamp": "1765450944468",
        "timestamp": "1765450944338",
        "asset_price": 90310.155
    },
    {
        "price": "0.56",
        "size": "5",
        "side": "buy",
        "local_timestamp": "1765450945862",
        "timestamp": "1765450945731",
        "asset_price": 90310.155
    },
    {
        "price": "0.57",
        "size": "12.63",
        "side": "buy",
        "local_timestamp": "1765450946308",
        "timestamp": "1765450946177",
        "asset_price": 90310.155
    },
    {
        "price": "0.57",
        "size": "12.63",
        "side": "buy",
        "local_timestamp": "1765450946310",
        "timestamp": "1765450946179",
        "asset_price": 90310.155
    },
    {
        "price": "0.57",
        "size": "12.63",
        "side": "buy",
        "local_timestamp": "1765450946312",
        "timestamp": "1765450946181",
        "asset_price": 90310.155
    },
    {
        "price": "0.57",
        "size": "12.63",
        "side": "buy",
        "local_timestamp": "1765450946316",
        "timestamp": "1765450946186",
        "asset_price": 90310.155
    },
    {
        "price": "0.57",
        "size": "12.63",
        "side": "buy",
        "local_timestamp": "1765450946319",
        "timestamp": "1765450946188",
        "asset_price": 90310.155
    },
    {
        "price": "0.57",
        "size": "12.63",
        "side": "buy",
        "local_timestamp": "1765450946326",
        "timestamp": "1765450946194",
        "asset_price": 90310.155
    },
    {
        "price": "0.57",
        "size": "12.63",
        "side": "buy",
        "local_timestamp": "1765450946327",
        "timestamp": "1765450946196",
        "asset_price": 90310.155
    },
    {
        "price": "0.56",
        "size": "6",
        "side": "sell",
        "local_timestamp": "1765450946425",
        "timestamp": "1765450946295",
        "asset_price": 90310.155
    },
    {
        "price": "0.56",
        "size": "6",
        "side": "sell",
        "local_timestamp": "1765450946746",
        "timestamp": "1765450946612",
        "asset_price": 90310.155
    },
    {
        "price": "0.57",
        "size": "6",
        "side": "buy",
        "local_timestamp": "1765450947907",
        "timestamp": "1765450947774",
        "asset_price": 90310.155
    },
    {
        "price": "0.57",
        "size": "8",
        "side": "buy",
        "local_timestamp": "1765450947909",
        "timestamp": "1765450947779",
        "asset_price": 90310.155
    },
    {
        "price": "0.57",
        "size": "5.263155",
        "side": "buy",
        "local_timestamp": "1765450948958",
        "timestamp": "1765450948827",
        "asset_price": 90310.155
    },
    {
        "price": "0.57",
        "size": "10.85",
        "side": "buy",
        "local_timestamp": "1765450949130",
        "timestamp": "1765450948998",
        "asset_price": 90310.155
    },
    {
        "price": "0.57",
        "size": "10.85",
        "side": "buy",
        "local_timestamp": "1765450949131",
        "timestamp": "1765450949000",
        "asset_price": 90310.155
    },
    {
        "price": "0.57",
        "size": "10.85",
        "side": "buy",
        "local_timestamp": "1765450949141",
        "timestamp": "1765450949005",
        "asset_price": 90310.155
    },
    {
        "price": "0.57",
        "size": "10.85",
        "side": "buy",
        "local_timestamp": "1765450949141",
        "timestamp": "1765450949006",
        "asset_price": 90310.155
    },
    {
        "price": "0.57",
        "size": "10.85",
        "side": "buy",
        "local_timestamp": "1765450949141",
        "timestamp": "1765450949008",
        "asset_price": 90310.155
    },
    {
        "price": "0.57",
        "size": "10.85",
        "side": "buy",
        "local_timestamp": "1765450949141",
        "timestamp": "1765450949010",
        "asset_price": 90310.155
    },
    {
        "price": "0.57",
        "size": "10.85",
        "side": "buy",
        "local_timestamp": "1765450949176",
        "timestamp": "1765450949016",
        "asset_price": 90310.155
    },
    {
        "price": "0.57",
        "size": "10.85",
        "side": "buy",
        "local_timestamp": "1765450949176",
        "timestamp": "1765450949017",
        "asset_price": 90310.155
    },
    {
        "price": "0.56",
        "size": "2.92857",
        "side": "buy",
        "local_timestamp": "1765450951744",
        "timestamp": "1765450951194",
        "asset_price": 90310.155
    },
    {
        "price": "0.57",
        "size": "6",
        "side": "buy",
        "local_timestamp": "1765450954525",
        "timestamp": "1765450954395",
        "asset_price": 90310.155
    },
    {
        "price": "0.56",
        "size": "5",
        "side": "buy",
        "local_timestamp": "1765450959973",
        "timestamp": "1765450959842",
        "asset_price": 90310.155
    },
    {
        "price": "0.55",
        "size": "6",
        "side": "sell",
        "local_timestamp": "1765450960805",
        "timestamp": "1765450960673",
        "asset_price": 90310.155
    },
    {
        "price": "0.55",
        "size": "8",
        "side": "sell",
        "local_timestamp": "1765450960816",
        "timestamp": "1765450960684",
        "asset_price": 90310.155
    },
    {
        "price": "0.55",
        "size": "3",
        "side": "buy",
        "local_timestamp": "1765450961466",
        "timestamp": "1765450961336",
        "asset_price": 90310.155
    },
    {
        "price": "0.56",
        "size": "6",
        "side": "buy",
        "local_timestamp": "1765450961813",
        "timestamp": "1765450961678",
        "asset_price": 90310.155
    },
    {
        "price": "0.56",
        "size": "89.105262",
        "side": "buy",
        "local_timestamp": "1765450962857",
        "timestamp": "1765450962725",
        "asset_price": 90310.155
    },
    {
        "price": "0.56",
        "size": "3.57",
        "side": "buy",
        "local_timestamp": "1765450967049",
        "timestamp": "1765450966917",
        "asset_price": 90310.155
    },
    {
        "price": "0.57",
        "size": "35.087718",
        "side": "buy",
        "local_timestamp": "1765450967251",
        "timestamp": "1765450967120",
        "asset_price": 90310.155
    },
    {
        "price": "0.56",
        "size": "6",
        "side": "sell",
        "local_timestamp": "1765450969282",
        "timestamp": "1765450969151",
        "asset_price": 90310.155
    },
    {
        "price": "0.57",
        "size": "31",
        "side": "buy",
        "local_timestamp": "1765450978447",
        "timestamp": "1765450978316",
        "asset_price": 90297.275
    },
    {
        "price": "0.57",
        "size": "126.5",
        "side": "buy",
        "local_timestamp": "1765450978471",
        "timestamp": "1765450978340",
        "asset_price": 90297.275
    },
    {
        "price": "0.58",
        "size": "10.689654",
        "side": "buy",
        "local_timestamp": "1765450978480",
        "timestamp": "1765450978343",
        "asset_price": 90297.275
    },
    {
        "price": "0.59",
        "size": "5.31",
        "side": "buy",
        "local_timestamp": "1765450978481",
        "timestamp": "1765450978349",
        "asset_price": 90297.275
    },
    {
        "price": "0.57",
        "size": "16",
        "side": "sell",
        "local_timestamp": "1765450978489",
        "timestamp": "1765450978358",
        "asset_price": 90297.275
    },
    {
        "price": "0.6",
        "size": "98",
        "side": "buy",
        "local_timestamp": "1765450978513",
        "timestamp": "1765450978381",
        "asset_price": 90297.275
    },
    {
        "price": "0.61",
        "size": "46",
        "side": "buy",
        "local_timestamp": "1765450978513",
        "timestamp": "1765450978381",
        "asset_price": 90297.275
    },
    {
        "price": "0.62",
        "size": "62.97",
        "side": "buy",
        "local_timestamp": "1765450978516",
        "timestamp": "1765450978386",
        "asset_price": 90297.275
    },
    {
        "price": "0.64",
        "size": "297.97",
        "side": "buy",
        "local_timestamp": "1765450978542",
        "timestamp": "1765450978411",
        "asset_price": 90297.275
    },
    {
        "price": "0.63",
        "size": "420.89",
        "side": "buy",
        "local_timestamp": "1765450978545",
        "timestamp": "1765450978415",
        "asset_price": 90297.275
    },
    {
        "price": "0.6",
        "size": "5.6",
        "side": "buy",
        "local_timestamp": "1765450978631",
        "timestamp": "1765450978501",
        "asset_price": 90297.275
    },
    {
        "price": "0.65",
        "size": "5",
        "side": "buy",
        "local_timestamp": "1765450979021",
        "timestamp": "1765450978891",
        "asset_price": 90297.275
    },
    {
        "price": "0.61",
        "size": "6.8",
        "side": "sell",
        "local_timestamp": "1765450979026",
        "timestamp": "1765450978896",
        "asset_price": 90297.275
    },
    {
        "price": "0.61",
        "size": "5",
        "side": "sell",
        "local_timestamp": "1765450979039",
        "timestamp": "1765450978908",
        "asset_price": 90297.275
    },
    {
        "price": "0.65",
        "size": "5",
        "side": "buy",
        "local_timestamp": "1765450979166",
        "timestamp": "1765450979023",
        "asset_price": 90297.275
    },
    {
        "price": "0.65",
        "size": "5",
        "side": "buy",
        "local_timestamp": "1765450979178",
        "timestamp": "1765450979047",
        "asset_price": 90297.275
    },
    {
        "price": "0.65",
        "size": "10.461537",
        "side": "buy",
        "local_timestamp": "1765450979363",
        "timestamp": "1765450979232",
        "asset_price": 90297.275
    },
    {
        "price": "0.63",
        "size": "3.095237",
        "side": "buy",
        "local_timestamp": "1765450981622",
        "timestamp": "1765450981493",
        "asset_price": 90297.285
    },
    {
        "price": "0.63",
        "size": "5.238094",
        "side": "buy",
        "local_timestamp": "1765450981824",
        "timestamp": "1765450981693",
        "asset_price": 90297.285
    },
    {
        "price": "0.6",
        "size": "5.083332",
        "side": "buy",
        "local_timestamp": "1765450983163",
        "timestamp": "1765450983033",
        "asset_price": 90309.92499999999
    },
    {
        "price": "0.59",
        "size": "5",
        "side": "sell",
        "local_timestamp": "1765450983229",
        "timestamp": "1765450983098",
        "asset_price": 90309.92499999999
    },
    {
        "price": "0.6",
        "size": "15.09",
        "side": "buy",
        "local_timestamp": "1765450983255",
        "timestamp": "1765450983123",
        "asset_price": 90309.92499999999
    },
    {
        "price": "0.6",
        "size": "15.09",
        "side": "buy",
        "local_timestamp": "1765450983256",
        "timestamp": "1765450983126",
        "asset_price": 90309.92499999999
    },
    {
        "price": "0.6",
        "size": "15.09",
        "side": "buy",
        "local_timestamp": "1765450983259",
        "timestamp": "1765450983128",
        "asset_price": 90309.92499999999
    },
    {
        "price": "0.6",
        "size": "15.09",
        "side": "buy",
        "local_timestamp": "1765450983266",
        "timestamp": "1765450983132",
        "asset_price": 90309.92499999999
    },
    {
        "price": "0.6",
        "size": "15.09",
        "side": "buy",
        "local_timestamp": "1765450983270",
        "timestamp": "1765450983139",
        "asset_price": 90309.92499999999
    },
    {
        "price": "0.6",
        "size": "15.09",
        "side": "buy",
        "local_timestamp": "1765450983270",
        "timestamp": "1765450983139",
        "asset_price": 90309.92499999999
    },
    {
        "price": "0.6",
        "size": "15.09",
        "side": "buy",
        "local_timestamp": "1765450983270",
        "timestamp": "1765450983140",
        "asset_price": 90309.92499999999
    },
    {
        "price": "0.6",
        "size": "15.09",
        "side": "buy",
        "local_timestamp": "1765450983273",
        "timestamp": "1765450983142",
        "asset_price": 90309.92499999999
    },
    {
        "price": "0.6",
        "size": "15.09",
        "side": "buy",
        "local_timestamp": "1765450983277",
        "timestamp": "1765450983148",
        "asset_price": 90309.92499999999
    },
    {
        "price": "0.6",
        "size": "15.09",
        "side": "buy",
        "local_timestamp": "1765450983279",
        "timestamp": "1765450983149",
        "asset_price": 90309.92499999999
    },
    {
        "price": "0.57",
        "size": "3.157893",
        "side": "buy",
        "local_timestamp": "1765450983943",
        "timestamp": "1765450983713",
        "asset_price": 90309.92499999999
    },
    {
        "price": "0.56",
        "size": "15",
        "side": "sell",
        "local_timestamp": "1765450983966",
        "timestamp": "1765450983834",
        "asset_price": 90309.92499999999
    },
    {
        "price": "0.58",
        "size": "175.722757",
        "side": "buy",
        "local_timestamp": "1765450984300",
        "timestamp": "1765450984169",
        "asset_price": 90309.92499999999
    },
    {
        "price": "0.58",
        "size": "17.241378",
        "side": "buy",
        "local_timestamp": "1765450984482",
        "timestamp": "1765450984350",
        "asset_price": 90309.92499999999
    },
    {
        "price": "0.58",
        "size": "5",
        "side": "buy",
        "local_timestamp": "1765450985817",
        "timestamp": "1765450985687",
        "asset_price": 90309.92499999999
    },
    {
        "price": "0.58",
        "size": "37",
        "side": "buy",
        "local_timestamp": "1765450986528",
        "timestamp": "1765450986398",
        "asset_price": 90309.92499999999
    },
    {
        "price": "0.58",
        "size": "2.448273",
        "side": "buy",
        "local_timestamp": "1765450986932",
        "timestamp": "1765450986799",
        "asset_price": 90309.92499999999
    },
    {
        "price": "0.58",
        "size": "6",
        "side": "buy",
        "local_timestamp": "1765450987098",
        "timestamp": "1765450986968",
        "asset_price": 90309.92499999999
    },
    {
        "price": "0.57",
        "size": "1.754383",
        "side": "buy",
        "local_timestamp": "1765450988510",
        "timestamp": "1765450988379",
        "asset_price": 90309.92499999999
    },
    {
        "price": "0.57",
        "size": "5.5",
        "side": "buy",
        "local_timestamp": "1765450991067",
        "timestamp": "1765450990937",
        "asset_price": 90309.92499999999
    },
    {
        "price": "0.57",
        "size": "6",
        "side": "buy",
        "local_timestamp": "1765450992941",
        "timestamp": "1765450992036",
        "asset_price": 90309.92499999999
    },
    {
        "price": "0.57",
        "size": "11",
        "side": "buy",
        "local_timestamp": "1765450994080",
        "timestamp": "1765450993949",
        "asset_price": 90309.92499999999
    },
    {
        "price": "0.57",
        "size": "1.754383",
        "side": "buy",
        "local_timestamp": "1765450996132",
        "timestamp": "1765450996002",
        "asset_price": 90309.92499999999
    },
    {
        "price": "0.57",
        "size": "3.508769",
        "side": "buy",
        "local_timestamp": "1765450996729",
        "timestamp": "1765450996598",
        "asset_price": 90309.92499999999
    },
    {
        "price": "0.56",
        "size": "5",
        "side": "sell",
        "local_timestamp": "1765450998579",
        "timestamp": "1765450998449",
        "asset_price": 90309.92499999999
    },
    {
        "price": "0.57",
        "size": "1.754383",
        "side": "buy",
        "local_timestamp": "1765450998939",
        "timestamp": "1765450998809",
        "asset_price": 90309.92499999999
    },
    {
        "price": "0.56",
        "size": "6",
        "side": "buy",
        "local_timestamp": "1765450999781",
        "timestamp": "1765450999651",
        "asset_price": 90309.92499999999
    },
    {
        "price": "0.56",
        "size": "50",
        "side": "buy",
        "local_timestamp": "1765451000310",
        "timestamp": "1765451000180",
        "asset_price": 90309.92499999999
    },
    {
        "price": "0.56",
        "size": "3",
        "side": "buy",
        "local_timestamp": "1765451000455",
        "timestamp": "1765451000325",
        "asset_price": 90309.92499999999
    },
    {
        "price": "0.56",
        "size": "5",
        "side": "buy",
        "local_timestamp": "1765451001210",
        "timestamp": "1765451001080",
        "asset_price": 90309.92499999999
    },
    {
        "price": "0.56",
        "size": "5",
        "side": "buy",
        "local_timestamp": "1765451001277",
        "timestamp": "1765451001146",
        "asset_price": 90309.92499999999
    },
    {
        "price": "0.56",
        "size": "5.5",
        "side": "buy",
        "local_timestamp": "1765451002234",
        "timestamp": "1765451002101",
        "asset_price": 90309.92499999999
    },
    {
        "price": "0.56",
        "size": "10",
        "side": "sell",
        "local_timestamp": "1765451002790",
        "timestamp": "1765451002659",
        "asset_price": 90309.92499999999
    },
    {
        "price": "0.55",
        "size": "5",
        "side": "buy",
        "local_timestamp": "1765451007257",
        "timestamp": "1765451007127",
        "asset_price": 90309.92499999999
    },
    {
        "price": "0.54",
        "size": "5",
        "side": "buy",
        "local_timestamp": "1765451009752",
        "timestamp": "1765451009622",
        "asset_price": 90309.92499999999
    },
    {
        "price": "0.54",
        "size": "5",
        "side": "buy",
        "local_timestamp": "1765451010103",
        "timestamp": "1765451009972",
        "asset_price": 90309.92499999999
    },
    {
        "price": "0.54",
        "size": "2",
        "side": "buy",
        "local_timestamp": "1765451010593",
        "timestamp": "1765451010462",
        "asset_price": 90309.92499999999
    },
    {
        "price": "0.54",
        "size": "3",
        "side": "buy",
        "local_timestamp": "1765451010599",
        "timestamp": "1765451010469",
        "asset_price": 90309.92499999999
    },
    {
        "price": "0.55",
        "size": "1.81818",
        "side": "buy",
        "local_timestamp": "1765451011322",
        "timestamp": "1765451011192",
        "asset_price": 90309.92499999999
    },
    {
        "price": "0.55",
        "size": "18",
        "side": "buy",
        "local_timestamp": "1765451011890",
        "timestamp": "1765451011753",
        "asset_price": 90309.92499999999
    },
    {
        "price": "0.56",
        "size": "18",
        "side": "buy",
        "local_timestamp": "1765451012520",
        "timestamp": "1765451012389",
        "asset_price": 90309.92499999999
    },
    {
        "price": "0.54",
        "size": "47",
        "side": "sell",
        "local_timestamp": "1765451012611",
        "timestamp": "1765451012477",
        "asset_price": 90309.92499999999
    },
    {
        "price": "0.56",
        "size": "71.681784",
        "side": "buy",
        "local_timestamp": "1765451013325",
        "timestamp": "1765451013187",
        "asset_price": 90309.92499999999
    },
    {
        "price": "0.56",
        "size": "15",
        "side": "buy",
        "local_timestamp": "1765451013818",
        "timestamp": "1765451013679",
        "asset_price": 90309.92499999999
    },
    {
        "price": "0.56",
        "size": "8.92857",
        "side": "buy",
        "local_timestamp": "1765451015464",
        "timestamp": "1765451015330",
        "asset_price": 90309.92499999999
    },
    {
        "price": "0.55",
        "size": "5",
        "side": "buy",
        "local_timestamp": "1765451016311",
        "timestamp": "1765451016180",
        "asset_price": 90309.92499999999
    },
    {
        "price": "0.55",
        "size": "6",
        "side": "buy",
        "local_timestamp": "1765451016487",
        "timestamp": "1765451016356",
        "asset_price": 90309.92499999999
    },
    {
        "price": "0.54",
        "size": "5",
        "side": "buy",
        "local_timestamp": "1765451017186",
        "timestamp": "1765451017056",
        "asset_price": 90309.92499999999
    },
    {
        "price": "0.55",
        "size": "12",
        "side": "buy",
        "local_timestamp": "1765451017828",
        "timestamp": "1765451017692",
        "asset_price": 90309.92499999999
    },
    {
        "price": "0.56",
        "size": "5",
        "side": "buy",
        "local_timestamp": "1765451018135",
        "timestamp": "1765451018003",
        "asset_price": 90309.92499999999
    },
    {
        "price": "0.56",
        "size": "8.92857",
        "side": "buy",
        "local_timestamp": "1765451019106",
        "timestamp": "1765451018975",
        "asset_price": 90309.92499999999
    },
    {
        "price": "0.56",
        "size": "5",
        "side": "buy",
        "local_timestamp": "1765451020031",
        "timestamp": "1765451019901",
        "asset_price": 90309.92499999999
    },
    {
        "price": "0.53",
        "size": "25.37",
        "side": "sell",
        "local_timestamp": "1765451020311",
        "timestamp": "1765451020181",
        "asset_price": 90309.92499999999
    },
    {
        "price": "0.54",
        "size": "9.181817",
        "side": "buy",
        "local_timestamp": "1765451021016",
        "timestamp": "1765451020880",
        "asset_price": 90309.92499999999
    },
    {
        "price": "0.56",
        "size": "5",
        "side": "buy",
        "local_timestamp": "1765451021878",
        "timestamp": "1765451021747",
        "asset_price": 90309.92499999999
    },
    {
        "price": "0.56",
        "size": "8.92857",
        "side": "buy",
        "local_timestamp": "1765451022874",
        "timestamp": "1765451022737",
        "asset_price": 90309.92499999999
    },
    {
        "price": "0.56",
        "size": "8.92857",
        "side": "buy",
        "local_timestamp": "1765451023519",
        "timestamp": "1765451023389",
        "asset_price": 90309.92499999999
    },
    {
        "price": "0.56",
        "size": "5",
        "side": "buy",
        "local_timestamp": "1765451023672",
        "timestamp": "1765451023541",
        "asset_price": 90309.92499999999
    },
    {
        "price": "0.56",
        "size": "8.92857",
        "side": "buy",
        "local_timestamp": "1765451024186",
        "timestamp": "1765451024048",
        "asset_price": 90309.92499999999
    },
    {
        "price": "0.56",
        "size": "6",
        "side": "buy",
        "local_timestamp": "1765451024372",
        "timestamp": "1765451024242",
        "asset_price": 90309.92499999999
    },
    {
        "price": "0.56",
        "size": "8.92857",
        "side": "buy",
        "local_timestamp": "1765451024840",
        "timestamp": "1765451024710",
        "asset_price": 90309.92499999999
    },
    {
        "price": "0.56",
        "size": "8.92857",
        "side": "buy",
        "local_timestamp": "1765451025487",
        "timestamp": "1765451025357",
        "asset_price": 90309.92499999999
    },
    {
        "price": "0.56",
        "size": "8.92857",
        "side": "buy",
        "local_timestamp": "1765451026125",
        "timestamp": "1765451025993",
        "asset_price": 90309.92499999999
    },
    {
        "price": "0.56",
        "size": "8.92857",
        "side": "buy",
        "local_timestamp": "1765451026230",
        "timestamp": "1765451026099",
        "asset_price": 90309.92499999999
    },
    {
        "price": "0.55",
        "size": "5",
        "side": "buy",
        "local_timestamp": "1765451031081",
        "timestamp": "1765451030950",
        "asset_price": 90309.92499999999
    },
    {
        "price": "0.55",
        "size": "6",
        "side": "sell",
        "local_timestamp": "1765451032001",
        "timestamp": "1765451031870",
        "asset_price": 90318.565
    },
    {
        "price": "0.53",
        "size": "20",
        "side": "sell",
        "local_timestamp": "1765451032038",
        "timestamp": "1765451031908",
        "asset_price": 90318.565
    },
    {
        "price": "0.52",
        "size": "14.31",
        "side": "sell",
        "local_timestamp": "1765451032626",
        "timestamp": "1765451032492",
        "asset_price": 90318.565
    },
    {
        "price": "0.53",
        "size": "2",
        "side": "buy",
        "local_timestamp": "1765451032660",
        "timestamp": "1765451032529",
        "asset_price": 90318.565
    },
    {
        "price": "0.53",
        "size": "2",
        "side": "buy",
        "local_timestamp": "1765451034520",
        "timestamp": "1765451034390",
        "asset_price": 90318.565
    },
    {
        "price": "0.53",
        "size": "1.97",
        "side": "buy",
        "local_timestamp": "1765451036217",
        "timestamp": "1765451036087",
        "asset_price": 90318.565
    },
    {
        "price": "0.53",
        "size": "2",
        "side": "buy",
        "local_timestamp": "1765451036270",
        "timestamp": "1765451036139",
        "asset_price": 90318.565
    },
    {
        "price": "0.53",
        "size": "5",
        "side": "buy",
        "local_timestamp": "1765451036918",
        "timestamp": "1765451036788",
        "asset_price": 90318.565
    },
    {
        "price": "0.51",
        "size": "5.26",
        "side": "sell",
        "local_timestamp": "1765451040391",
        "timestamp": "1765451040256",
        "asset_price": 90318.565
    },
    {
        "price": "0.52",
        "size": "4.807691",
        "side": "buy",
        "local_timestamp": "1765451041858",
        "timestamp": "1765451041727",
        "asset_price": 90318.565
    },
    {
        "price": "0.51",
        "size": "1.62",
        "side": "sell",
        "local_timestamp": "1765451042254",
        "timestamp": "1765451042124",
        "asset_price": 90318.565
    },
    {
        "price": "0.52",
        "size": "38.75",
        "side": "buy",
        "local_timestamp": "1765451042331",
        "timestamp": "1765451042201",
        "asset_price": 90318.565
    },
    {
        "price": "0.5",
        "size": "6",
        "side": "buy",
        "local_timestamp": "1765451043194",
        "timestamp": "1765451043063",
        "asset_price": 90318.565
    },
    {
        "price": "0.5",
        "size": "52.04",
        "side": "buy",
        "local_timestamp": "1765451043208",
        "timestamp": "1765451043077",
        "asset_price": 90318.565
    },
    {
        "price": "0.49",
        "size": "15",
        "side": "sell",
        "local_timestamp": "1765451043282",
        "timestamp": "1765451043152",
        "asset_price": 90318.565
    },
    {
        "price": "0.49",
        "size": "15",
        "side": "sell",
        "local_timestamp": "1765451043294",
        "timestamp": "1765451043158",
        "asset_price": 90318.565
    },
    {
        "price": "0.5",
        "size": "5",
        "side": "buy",
        "local_timestamp": "1765451043408",
        "timestamp": "1765451043278",
        "asset_price": 90318.565
    },
    {
        "price": "0.5",
        "size": "26",
        "side": "buy",
        "local_timestamp": "1765451044086",
        "timestamp": "1765451043956",
        "asset_price": 90318.565
    },
    {
        "price": "0.49",
        "size": "20",
        "side": "sell",
        "local_timestamp": "1765451044585",
        "timestamp": "1765451044455",
        "asset_price": 90318.565
    },
    {
        "price": "0.49",
        "size": "5",
        "side": "buy",
        "local_timestamp": "1765451045087",
        "timestamp": "1765451044957",
        "asset_price": 90318.565
    },
    {
        "price": "0.48",
        "size": "15",
        "side": "sell",
        "local_timestamp": "1765451045180",
        "timestamp": "1765451045046",
        "asset_price": 90318.565
    },
    {
        "price": "0.48",
        "size": "15",
        "side": "sell",
        "local_timestamp": "1765451045183",
        "timestamp": "1765451045053",
        "asset_price": 90318.565
    },
    {
        "price": "0.49",
        "size": "2.040815",
        "side": "buy",
        "local_timestamp": "1765451045509",
        "timestamp": "1765451045379",
        "asset_price": 90318.565
    },
    {
        "price": "0.49",
        "size": "192.95",
        "side": "buy",
        "local_timestamp": "1765451045761",
        "timestamp": "1765451045627",
        "asset_price": 90318.965
    },
    {
        "price": "0.48",
        "size": "5",
        "side": "sell",
        "local_timestamp": "1765451045972",
        "timestamp": "1765451045840",
        "asset_price": 90319.945
    },
    {
        "price": "0.48",
        "size": "134",
        "side": "buy",
        "local_timestamp": "1765451046327",
        "timestamp": "1765451046196",
        "asset_price": 90319.945
    },
    {
        "price": "0.5",
        "size": "4",
        "side": "buy",
        "local_timestamp": "1765451046374",
        "timestamp": "1765451046242",
        "asset_price": 90319.945
    },
    {
        "price": "0.48",
        "size": "5",
        "side": "buy",
        "local_timestamp": "1765451046481",
        "timestamp": "1765451046350",
        "asset_price": 90319.945
    },
    {
        "price": "0.48",
        "size": "15",
        "side": "sell",
        "local_timestamp": "1765451046516",
        "timestamp": "1765451046381",
        "asset_price": 90319.945
    },
    {
        "price": "0.48",
        "size": "15",
        "side": "sell",
        "local_timestamp": "1765451046546",
        "timestamp": "1765451046416",
        "asset_price": 90319.945
    },
    {
        "price": "0.48",
        "size": "10",
        "side": "sell",
        "local_timestamp": "1765451047166",
        "timestamp": "1765451047028",
        "asset_price": 90319.945
    },
    {
        "price": "0.47",
        "size": "15",
        "side": "sell",
        "local_timestamp": "1765451047714",
        "timestamp": "1765451047579",
        "asset_price": 90320.005
    },
    {
        "price": "0.47",
        "size": "15",
        "side": "sell",
        "local_timestamp": "1765451047730",
        "timestamp": "1765451047600",
        "asset_price": 90328.89499999999
    },
    {
        "price": "0.48",
        "size": "10.2",
        "side": "buy",
        "local_timestamp": "1765451047892",
        "timestamp": "1765451047760",
        "asset_price": 90328.89499999999
    },
    {
        "price": "0.48",
        "size": "3.020832",
        "side": "buy",
        "local_timestamp": "1765451048444",
        "timestamp": "1765451048314",
        "asset_price": 90328.89499999999
    },
    {
        "price": "0.45",
        "size": "53.4",
        "side": "sell",
        "local_timestamp": "1765451048589",
        "timestamp": "1765451048458",
        "asset_price": 90328.89499999999
    },
    {
        "price": "0.46",
        "size": "3.152172",
        "side": "buy",
        "local_timestamp": "1765451048607",
        "timestamp": "1765451048476",
        "asset_price": 90328.89499999999
    },
    {
        "price": "0.45",
        "size": "56.5",
        "side": "sell",
        "local_timestamp": "1765451049118",
        "timestamp": "1765451048989",
        "asset_price": 90328.89499999999
    },
    {
        "price": "0.46",
        "size": "2.39",
        "side": "buy",
        "local_timestamp": "1765451049493",
        "timestamp": "1765451049361",
        "asset_price": 90328.89499999999
    },
    {
        "price": "0.45",
        "size": "5",
        "side": "sell",
        "local_timestamp": "1765451049505",
        "timestamp": "1765451049369",
        "asset_price": 90328.89499999999
    },
    {
        "price": "0.47",
        "size": "184.76",
        "side": "buy",
        "local_timestamp": "1765451049779",
        "timestamp": "1765451049647",
        "asset_price": 90328.89499999999
    },
    {
        "price": "0.48",
        "size": "5",
        "side": "buy",
        "local_timestamp": "1765451050932",
        "timestamp": "1765451050801",
        "asset_price": 90328.89499999999
    },
    {
        "price": "0.46",
        "size": "5",
        "side": "sell",
        "local_timestamp": "1765451051541",
        "timestamp": "1765451051411",
        "asset_price": 90328.89499999999
    },
    {
        "price": "0.47",
        "size": "6",
        "side": "buy",
        "local_timestamp": "1765451053198",
        "timestamp": "1765451053057",
        "asset_price": 90328.89499999999
    },
    {
        "price": "0.47",
        "size": "21.276594",
        "side": "buy",
        "local_timestamp": "1765451053284",
        "timestamp": "1765451053154",
        "asset_price": 90328.89499999999
    },
    {
        "price": "0.47",
        "size": "16",
        "side": "buy",
        "local_timestamp": "1765451053518",
        "timestamp": "1765451053387",
        "asset_price": 90328.89499999999
    },
    {
        "price": "0.46",
        "size": "5",
        "side": "sell",
        "local_timestamp": "1765451053658",
        "timestamp": "1765451053528",
        "asset_price": 90328.89499999999
    },
    {
        "price": "0.46",
        "size": "12.3",
        "side": "buy",
        "local_timestamp": "1765451054941",
        "timestamp": "1765451054809",
        "asset_price": 90328.89499999999
    },
    {
        "price": "0.45",
        "size": "6",
        "side": "buy",
        "local_timestamp": "1765451055416",
        "timestamp": "1765451055285",
        "asset_price": 90328.89499999999
    },
    {
        "price": "0.45",
        "size": "5",
        "side": "buy",
        "local_timestamp": "1765451055613",
        "timestamp": "1765451055483",
        "asset_price": 90328.89499999999
    },
    {
        "price": "0.44",
        "size": "5",
        "side": "sell",
        "local_timestamp": "1765451055717",
        "timestamp": "1765451055587",
        "asset_price": 90328.89499999999
    },
    {
        "price": "0.43",
        "size": "12",
        "side": "sell",
        "local_timestamp": "1765451056899",
        "timestamp": "1765451056765",
        "asset_price": 90328.89499999999
    },
    {
        "price": "0.44",
        "size": "5",
        "side": "buy",
        "local_timestamp": "1765451057475",
        "timestamp": "1765451057344",
        "asset_price": 90337.375
    },
    {
        "price": "0.43",
        "size": "5",
        "side": "sell",
        "local_timestamp": "1765451057740",
        "timestamp": "1765451057610",
        "asset_price": 90337.375
    },
    {
        "price": "0.43",
        "size": "11.36",
        "side": "buy",
        "local_timestamp": "1765451058159",
        "timestamp": "1765451058029",
        "asset_price": 90337.375
