[
    {
        "price": "0.6",
        "size": "1.833332",
        "side": "buy",
        "local_timestamp": "1765450851171",
        "timestamp": "1765450846151",
        "asset_price": 3194.925
    },
    {
        "price": "0.58",
        "size": "19.16",
        "side": "sell",
        "local_timestamp": "1765450851185",
        "timestamp": "1765450849386",
        "asset_price": 3194.925
    },
    {
        "price": "0.56",
        "size": "5",
        "side": "buy",
        "local_timestamp": "1765450857656",
        "timestamp": "1765450857524",
        "asset_price": 3195.5150000000003
    },
    {
        "price": "0.56",
        "size": "7",
        "side": "sell",
        "local_timestamp": "1765450859961",
        "timestamp": "1765450859831",
        "asset_price": 3195.185
    },
    {
        "price": "0.58",
        "size": "403",
        "side": "buy",
        "local_timestamp": "1765450860310",
        "timestamp": "1765450860180",
        "asset_price": 3195.185
    },
    {
        "price": "0.6",
        "size": "50.833332",
        "side": "buy",
        "local_timestamp": "1765450863844",
        "timestamp": "1765450863698",
        "asset_price": 3195.185
    },
    {
        "price": "0.6",
        "size": "6",
        "side": "sell",
        "local_timestamp": "1765450866925",
        "timestamp": "1765450866788",
        "asset_price": 3195.025
    },
    {
        "price": "0.62",
        "size": "14.65",
        "side": "buy",
        "local_timestamp": "1765450869133",
        "timestamp": "1765450868987",
        "asset_price": 3194.245
    },
    {
        "price": "0.64",
        "size": "157",
        "side": "buy",
        "local_timestamp": "1765450869162",
        "timestamp": "1765450869032",
        "asset_price": 3194.245
    },
    {
        "price": "0.65",
        "size": "10",
        "side": "buy",
        "local_timestamp": "1765450877301",
        "timestamp": "1765450877168",
        "asset_price": 3194.245
    },
    {
        "price": "0.65",
        "size": "78.93846",
        "side": "buy",
        "local_timestamp": "1765450878831",
        "timestamp": "1765450878701",
        "asset_price": 3194.245
    },
    {
        "price": "0.64",
        "size": "14",
        "side": "buy",
        "local_timestamp": "1765450885797",
        "timestamp": "1765450885666",
        "asset_price": 3194.245
    },
    {
        "price": "0.64",
        "size": "14",
        "side": "buy",
        "local_timestamp": "1765450885866",
        "timestamp": "1765450885735",
        "asset_price": 3194.245
    },
    {
        "price": "0.63",
        "size": "22",
        "side": "sell",
        "local_timestamp": "1765450886690",
        "timestamp": "1765450886546",
        "asset_price": 3194.245
    },
    {
        "price": "0.58",
        "size": "9",
        "side": "sell",
        "local_timestamp": "1765450890977",
        "timestamp": "1765450890695",
        "asset_price": 3195.175
    },
    {
        "price": "0.57",
        "size": "20.701753",
        "side": "buy",
        "local_timestamp": "1765450891488",
        "timestamp": "1765450891358",
        "asset_price": 3195.495
    },
    {
        "price": "0.56",
        "size": "14.3",
        "side": "sell",
        "local_timestamp": "1765450891903",
        "timestamp": "1765450891771",
        "asset_price": 3195.495
    },
    {
        "price": "0.56",
        "size": "8.42857",
        "side": "buy",
        "local_timestamp": "1765450892048",
        "timestamp": "1765450891915",
        "asset_price": 3195.495
    },
    {
        "price": "0.56",
        "size": "12.642856",
        "side": "buy",
        "local_timestamp": "1765450892107",
        "timestamp": "1765450891976",
        "asset_price": 3195.495
    },
    {
        "price": "0.56",
        "size": "5",
        "side": "buy",
        "local_timestamp": "1765450892777",
        "timestamp": "1765450892645",
        "asset_price": 3195.495
    },
    {
        "price": "0.54",
        "size": "27",
        "side": "sell",
        "local_timestamp": "1765450893552",
        "timestamp": "1765450893417",
        "asset_price": 3195.495
    },
    {
        "price": "0.55",
        "size": "3.054544",
        "side": "buy",
        "local_timestamp": "1765450894168",
        "timestamp": "1765450894038",
        "asset_price": 3196.005
    },
    {
        "price": "0.52",
        "size": "5",
        "side": "buy",
        "local_timestamp": "1765450894304",
        "timestamp": "1765450894172",
        "asset_price": 3196.005
    },
    {
        "price": "0.5",
        "size": "15",
        "side": "sell",
        "local_timestamp": "1765450895613",
        "timestamp": "1765450895480",
        "asset_price": 3196.4449999999997
    },
    {
        "price": "0.49",
        "size": "5.3",
        "side": "sell",
        "local_timestamp": "1765450895702",
        "timestamp": "1765450895571",
        "asset_price": 3196.4449999999997
    },
    {
        "price": "0.49",
        "size": "14",
        "side": "buy",
        "local_timestamp": "1765450896600",
        "timestamp": "1765450896470",
        "asset_price": 3196.355
    },
    {
        "price": "0.5",
        "size": "14",
        "side": "buy",
        "local_timestamp": "1765450897370",
        "timestamp": "1765450897240",
        "asset_price": 3196.355
    },
    {
        "price": "0.5",
        "size": "14",
        "side": "buy",
        "local_timestamp": "1765450897410",
        "timestamp": "1765450897279",
        "asset_price": 3196.355
    },
    {
        "price": "0.5",
        "size": "14",
        "side": "buy",
        "local_timestamp": "1765450897474",
        "timestamp": "1765450897343",
        "asset_price": 3196.355
    },
    {
        "price": "0.5",
        "size": "50",
        "side": "buy",
        "local_timestamp": "1765450898084",
        "timestamp": "1765450897953",
        "asset_price": 3196.355
    },
    {
        "price": "0.5",
        "size": "6",
        "side": "buy",
        "local_timestamp": "1765450898232",
        "timestamp": "1765450898102",
        "asset_price": 3196.355
    },
    {
        "price": "0.49",
        "size": "10",
        "side": "sell",
        "local_timestamp": "1765450898668",
        "timestamp": "1765450898531",
        "asset_price": 3196.355
    },
    {
        "price": "0.5",
        "size": "5",
        "side": "buy",
        "local_timestamp": "1765450898901",
        "timestamp": "1765450898769",
        "asset_price": 3196.355
    },
    {
        "price": "0.5",
        "size": "14",
        "side": "buy",
        "local_timestamp": "1765450899696",
        "timestamp": "1765450899565",
        "asset_price": 3196.355
    },
    {
        "price": "0.49",
        "size": "42",
        "side": "sell",
        "local_timestamp": "1765450904238",
        "timestamp": "1765450904107",
        "asset_price": 3196.125
    },
    {
        "price": "0.54",
        "size": "10",
        "side": "buy",
        "local_timestamp": "1765450907662",
        "timestamp": "1765450907531",
        "asset_price": 3195.165
    },
    {
        "price": "0.56",
        "size": "5",
        "side": "buy",
        "local_timestamp": "1765450907892",
        "timestamp": "1765450907763",
        "asset_price": 3195.165
    },
    {
        "price": "0.58",
        "size": "5.086204",
        "side": "buy",
        "local_timestamp": "1765450907910",
        "timestamp": "1765450907779",
        "asset_price": 3195.165
    },
    {
        "price": "0.58",
        "size": "44.172411",
        "side": "buy",
        "local_timestamp": "1765450907972",
        "timestamp": "1765450907837",
        "asset_price": 3195.165
    },
    {
        "price": "0.6",
        "size": "9",
        "side": "buy",
        "local_timestamp": "1765450909110",
        "timestamp": "1765450908979",
        "asset_price": 3194.335
    },
    {
        "price": "0.6",
        "size": "5",
        "side": "buy",
        "local_timestamp": "1765450909209",
        "timestamp": "1765450909078",
        "asset_price": 3194.335
    },
    {
        "price": "0.6",
        "size": "9",
        "side": "buy",
        "local_timestamp": "1765450909790",
        "timestamp": "1765450909660",
        "asset_price": 3194.245
    },
    {
        "price": "0.62",
        "size": "30",
        "side": "buy",
        "local_timestamp": "1765450910382",
        "timestamp": "1765450910251",
        "asset_price": 3194.245
    },
    {
        "price": "0.63",
        "size": "11",
        "side": "buy",
        "local_timestamp": "1765450911649",
        "timestamp": "1765450911519",
        "asset_price": 3194.245
    },
    {
        "price": "0.63",
        "size": "3",
        "side": "buy",
        "local_timestamp": "1765450912167",
        "timestamp": "1765450912037",
        "asset_price": 3194.245
    },
    {
        "price": "0.61",
        "size": "5",
        "side": "sell",
        "local_timestamp": "1765450918553",
        "timestamp": "1765450918423",
        "asset_price": 3194.525
    },
    {
        "price": "0.62",
        "size": "5.241934",
        "side": "buy",
        "local_timestamp": "1765450919117",
        "timestamp": "1765450918986",
        "asset_price": 3194.525
    },
    {
        "price": "0.62",
        "size": "15",
        "side": "buy",
        "local_timestamp": "1765450920080",
        "timestamp": "1765450919942",
        "asset_price": 3194.005
    },
    {
        "price": "0.63",
        "size": "16",
        "side": "buy",
        "local_timestamp": "1765450920112",
        "timestamp": "1765450919976",
        "asset_price": 3194.005
    },
    {
        "price": "0.64",
        "size": "10",
        "side": "buy",
        "local_timestamp": "1765450920129",
        "timestamp": "1765450919996",
        "asset_price": 3194.005
    },
    {
        "price": "0.66",
        "size": "5",
        "side": "buy",
        "local_timestamp": "1765450921260",
        "timestamp": "1765450921130",
        "asset_price": 3193.375
    },
    {
        "price": "0.67",
        "size": "12",
        "side": "buy",
        "local_timestamp": "1765450921263",
        "timestamp": "1765450921132",
        "asset_price": 3193.375
    },
    {
        "price": "0.65",
        "size": "10",
        "side": "sell",
        "local_timestamp": "1765450922409",
        "timestamp": "1765450922276",
        "asset_price": 3193.975
    },
    {
        "price": "0.64",
        "size": "14",
        "side": "buy",
        "local_timestamp": "1765450923226",
        "timestamp": "1765450923096",
        "asset_price": 3193.975
    },
    {
        "price": "0.66",
        "size": "5",
        "side": "buy",
        "local_timestamp": "1765450924504",
        "timestamp": "1765450924373",
        "asset_price": 3193.975
    },
    {
        "price": "0.65",
        "size": "7.69",
        "side": "buy",
        "local_timestamp": "1765450927305",
        "timestamp": "1765450927175",
        "asset_price": 3193.975
    },
    {
        "price": "0.64",
        "size": "1.96",
        "side": "sell",
        "local_timestamp": "1765450931194",
        "timestamp": "1765450931005",
        "asset_price": 3193.995
    },
    {
        "price": "0.65",
        "size": "22",
        "side": "buy",
        "local_timestamp": "1765450931823",
        "timestamp": "1765450931693",
        "asset_price": 3193.995
    },
    {
        "price": "0.64",
        "size": "8",
        "side": "sell",
        "local_timestamp": "1765450933841",
        "timestamp": "1765450933711",
        "asset_price": 3193.995
    },
    {
        "price": "0.66",
        "size": "119",
        "side": "buy",
        "local_timestamp": "1765450942652",
        "timestamp": "1765450942520",
        "asset_price": 3193.565
    },
    {
        "price": "0.67",
        "size": "15",
        "side": "buy",
        "local_timestamp": "1765450949931",
        "timestamp": "1765450949800",
        "asset_price": 3193.545
    },
    {
        "price": "0.68",
        "size": "14",
        "side": "buy",
        "local_timestamp": "1765450949945",
        "timestamp": "1765450949816",
        "asset_price": 3193.545
    },
    {
        "price": "0.67",
        "size": "10",
        "side": "sell",
        "local_timestamp": "1765450950493",
        "timestamp": "1765450950362",
        "asset_price": 3193.545
    },
    {
        "price": "0.67",
        "size": "1.7",
        "side": "sell",
        "local_timestamp": "1765450952052",
        "timestamp": "1765450951922",
        "asset_price": 3193.545
    },
    {
        "price": "0.67",
        "size": "6",
        "side": "sell",
        "local_timestamp": "1765450954499",
        "timestamp": "1765450954368",
        "asset_price": 3193.545
    },
    {
        "price": "0.66",
        "size": "5",
        "side": "buy",
        "local_timestamp": "1765450961431",
        "timestamp": "1765450961299",
        "asset_price": 3193.975
    },
    {
        "price": "0.66",
        "size": "5",
        "side": "buy",
        "local_timestamp": "1765450964571",
        "timestamp": "1765450964441",
        "asset_price": 3193.975
    },
    {
        "price": "0.67",
        "size": "60.895521",
        "side": "buy",
        "local_timestamp": "1765450965848",
        "timestamp": "1765450965718",
        "asset_price": 3193.5550000000003
    },
    {
        "price": "0.67",
        "size": "20",
        "side": "buy",
        "local_timestamp": "1765450965859",
        "timestamp": "1765450965728",
        "asset_price": 3193.5550000000003
    },
    {
        "price": "0.67",
        "size": "17.32",
        "side": "sell",
        "local_timestamp": "1765450968832",
        "timestamp": "1765450968702",
        "asset_price": 3193.5550000000003
    },
    {
        "price": "0.67",
        "size": "32",
        "side": "sell",
        "local_timestamp": "1765450970500",
        "timestamp": "1765450970367",
        "asset_price": 3193.9049999999997
    },
    {
        "price": "0.67",
        "size": "7",
        "side": "sell",
        "local_timestamp": "1765450970528",
        "timestamp": "1765450970397",
        "asset_price": 3193.9049999999997
    },
    {
        "price": "0.67",
        "size": "20",
        "side": "sell",
        "local_timestamp": "1765450970534",
        "timestamp": "1765450970403",
        "asset_price": 3193.9049999999997
    },
    {
        "price": "0.66",
        "size": "15",
        "side": "sell",
        "local_timestamp": "1765450971100",
        "timestamp": "1765450970968",
        "asset_price": 3193.9049999999997
    },
    {
        "price": "0.67",
        "size": "12.7",
        "side": "buy",
        "local_timestamp": "1765450972407",
        "timestamp": "1765450972276",
        "asset_price": 3193.9049999999997
    },
    {
        "price": "0.68",
        "size": "13.5",
        "side": "buy",
        "local_timestamp": "1765450973058",
        "timestamp": "1765450972926",
        "asset_price": 3193.9049999999997
    },
    {
        "price": "0.68",
        "size": "60",
        "side": "buy",
        "local_timestamp": "1765450978480",
        "timestamp": "1765450978340",
        "asset_price": 3193.455
    },
    {
        "price": "0.69",
        "size": "13.9",
        "side": "buy",
        "local_timestamp": "1765450978484",
        "timestamp": "1765450978354",
        "asset_price": 3193.455
    },
    {
        "price": "0.69",
        "size": "20",
        "side": "buy",
        "local_timestamp": "1765450978538",
        "timestamp": "1765450978408",
        "asset_price": 3193.455
    },
    {
        "price": "0.69",
        "size": "13.9",
        "side": "buy",
        "local_timestamp": "1765450978547",
        "timestamp": "1765450978417",
        "asset_price": 3193.455
    },
    {
        "price": "0.69",
        "size": "67",
        "side": "buy",
        "local_timestamp": "1765450984092",
        "timestamp": "1765450983960",
        "asset_price": 3193.465
    },
    {
        "price": "0.69",
        "size": "7",
        "side": "sell",
        "local_timestamp": "1765450992949",
        "timestamp": "1765450992521",
        "asset_price": 3193.465
    },
    {
        "price": "0.68",
        "size": "20",
        "side": "sell",
        "local_timestamp": "1765450992950",
        "timestamp": "1765450992776",
        "asset_price": 3193.465
    },
    {
        "price": "0.68",
        "size": "5",
        "side": "sell",
        "local_timestamp": "1765450993271",
        "timestamp": "1765450993136",
        "asset_price": 3193.465
    },
    {
        "price": "0.69",
        "size": "201.92",
        "side": "buy",
        "local_timestamp": "1765450994441",
        "timestamp": "1765450994311",
        "asset_price": 3193.465
    },
    {
        "price": "0.68",
        "size": "20",
        "side": "sell",
        "local_timestamp": "1765450995476",
        "timestamp": "1765450995346",
        "asset_price": 3193.605
    },
    {
        "price": "0.66",
        "size": "14",
        "side": "buy",
        "local_timestamp": "1765451019055",
        "timestamp": "1765451018924",
        "asset_price": 3193.855
    },
    {
        "price": "0.65",
        "size": "55",
        "side": "buy",
        "local_timestamp": "1765451021759",
        "timestamp": "1765451021628",
        "asset_price": 3194.315
    },
    {
        "price": "0.65",
        "size": "8",
        "side": "sell",
        "local_timestamp": "1765451022317",
        "timestamp": "1765451022187",
        "asset_price": 3194.315
    },
    {
        "price": "0.66",
        "size": "11.166664",
        "side": "buy",
        "local_timestamp": "1765451026277",
        "timestamp": "1765451026147",
        "asset_price": 3194.315
    },
    {
        "price": "0.64",
        "size": "50",
        "side": "sell",
        "local_timestamp": "1765451030930",
        "timestamp": "1765451030799",
        "asset_price": 3194.315
    },
    {
        "price": "0.62",
        "size": "60",
        "side": "sell",
        "local_timestamp": "1765451032137",
        "timestamp": "1765451032007",
        "asset_price": 3194.4449999999997
    },
    {
        "price": "0.63",
        "size": "5",
        "side": "buy",
        "local_timestamp": "1765451035009",
        "timestamp": "1765451034878",
        "asset_price": 3194.4449999999997
    },
    {
        "price": "0.62",
        "size": "10",
        "side": "sell",
        "local_timestamp": "1765451036285",
        "timestamp": "1765451036155",
        "asset_price": 3194.4449999999997
    },
    {
        "price": "0.63",
        "size": "5",
        "side": "buy",
        "local_timestamp": "1765451037135",
        "timestamp": "1765451037005",
        "asset_price": 3194.4449999999997
    },
    {
        "price": "0.57",
        "size": "26.964911",
        "side": "buy",
        "local_timestamp": "1765451045180",
        "timestamp": "1765451045041",
        "asset_price": 3195.4449999999997
    },
    {
        "price": "0.57",
        "size": "7.32",
        "side": "buy",
        "local_timestamp": "1765451045237",
        "timestamp": "1765451045103",
        "asset_price": 3195.4449999999997
    },
    {
        "price": "0.57",
        "size": "46.438595",
        "side": "buy",
        "local_timestamp": "1765451045722",
        "timestamp": "1765451045592",
        "asset_price": 3195.4449999999997
    },
    {
        "price": "0.58",
        "size": "5",
        "side": "buy",
        "local_timestamp": "1765451046147",
        "timestamp": "1765451046017",
        "asset_price": 3195.585
    },
    {
        "price": "0.57",
        "size": "7",
        "side": "sell",
        "local_timestamp": "1765451046524",
        "timestamp": "1765451046394",
        "asset_price": 3195.585
    },
    {
        "price": "0.56",
        "size": "5",
        "side": "sell",
        "local_timestamp": "1765451046593",
        "timestamp": "1765451046462",
        "asset_price": 3195.585
    },
    {
        "price": "0.55",
        "size": "7.32",
        "side": "buy",
        "local_timestamp": "1765451047140",
        "timestamp": "1765451047010",
        "asset_price": 3195.585
    },
    {
        "price": "0.55",
        "size": "7.32",
        "side": "buy",
        "local_timestamp": "1765451047876",
        "timestamp": "1765451047745",
        "asset_price": 3195.795
    },
    {
        "price": "0.55",
        "size": "9.09",
        "side": "buy",
        "local_timestamp": "1765451048173",
        "timestamp": "1765451048043",
        "asset_price": 3195.795
    },
    {
        "price": "0.55",
        "size": "7.32",
        "side": "buy",
        "local_timestamp": "1765451048625",
        "timestamp": "1765451048494",
        "asset_price": 3195.795
    },
    {
        "price": "0.54",
        "size": "7.32",
        "side": "buy",
        "local_timestamp": "1765451049358",
        "timestamp": "1765451049227",
        "asset_price": 3195.795
    },
    {
        "price": "0.54",
        "size": "7.32",
        "side": "buy",
        "local_timestamp": "1765451050097",
        "timestamp": "1765451049966",
        "asset_price": 3195.795
    },
    {
        "price": "0.54",
        "size": "7.32",
        "side": "buy",
        "local_timestamp": "1765451050838",
        "timestamp": "1765451050708",
        "asset_price": 3195.795
    },
    {
        "price": "0.53",
        "size": "78.93",
        "side": "sell",
        "local_timestamp": "1765451070991",
        "timestamp": "1765451070861",
        "asset_price": 3195.885
    },
    {
        "price": "0.54",
        "size": "5",
        "side": "buy",
        "local_timestamp": "1765451071317",
        "timestamp": "1765451071186",
        "asset_price": 3195.885
    },
    {
        "price": "0.54",
        "size": "9",
        "side": "sell",
        "local_timestamp": "1765451072052",
        "timestamp": "1765451071755",
        "asset_price": 3195.885
    },
    {
        "price": "0.53",
        "size": "2.037734",
        "side": "buy",
        "local_timestamp": "1765451080915",
        "timestamp": "1765451080785",
        "asset_price": 3195.885
    },
    {
        "price": "0.48",
        "size": "5.1",
        "side": "sell",
        "local_timestamp": "1765451086366",
        "timestamp": "1765451086234",
        "asset_price": 3196.425
    },
    {
        "price": "0.49",
        "size": "5",
        "side": "buy",
        "local_timestamp": "1765451086931",
        "timestamp": "1765451086800",
        "asset_price": 3196.425
    },
    {
        "price": "0.46",
        "size": "35",
        "side": "sell",
        "local_timestamp": "1765451089161",
        "timestamp": "1765451089030",
        "asset_price": 3196.495
    },
    {
        "price": "0.45",
        "size": "16",
        "side": "sell",
        "local_timestamp": "1765451097016",
        "timestamp": "1765451096886",
        "asset_price": 3196.885
    },
    {
        "price": "0.46",
        "size": "5",
        "side": "buy",
        "local_timestamp": "1765451097124",
        "timestamp": "1765451096994",
        "asset_price": 3196.885
    },
    {
        "price": "0.42",
        "size": "5",
        "side": "buy",
        "local_timestamp": "1765451101580",
        "timestamp": "1765451101450",
        "asset_price": 3197.505
    },
    {
        "price": "0.39",
        "size": "32",
        "side": "buy",
        "local_timestamp": "1765451102559",
        "timestamp": "1765451102426",
        "asset_price": 3197.505
    },
    {
        "price": "0.39",
        "size": "106",
        "side": "buy",
        "local_timestamp": "1765451102595",
        "timestamp": "1765451102461",
        "asset_price": 3197.505
    },
    {
        "price": "0.4",
        "size": "80",
        "side": "buy",
        "local_timestamp": "1765451102711",
        "timestamp": "1765451102581",
        "asset_price": 3197.505
    },
    {
        "price": "0.39",
        "size": "5",
        "side": "sell",
        "local_timestamp": "1765451103000",
        "timestamp": "1765451102870",
        "asset_price": 3197.505
    },
    {
        "price": "0.4",
        "size": "5",
        "side": "buy",
        "local_timestamp": "1765451104026",
        "timestamp": "1765451103895",
        "asset_price": 3197.5550000000003
    },
    {
        "price": "0.34",
        "size": "5",
        "side": "buy",
        "local_timestamp": "1765451108050",
        "timestamp": "1765451107920",
        "asset_price": 3198.325
    },
    {
        "price": "0.28",
        "size": "5",
        "side": "buy",
        "local_timestamp": "1765451110508",
        "timestamp": "1765451110375",
        "asset_price": 3199.085
    },
    {
        "price": "0.27",
        "size": "100",
        "side": "buy",
        "local_timestamp": "1765451112148",
        "timestamp": "1765451112010",
        "asset_price": 3199.495
    },
    {
        "price": "0.24",
        "size": "271.92",
        "side": "sell",
        "local_timestamp": "1765451114090",
        "timestamp": "1765451112812",
        "asset_price": 3199.535
    },
    {
        "price": "0.23",
        "size": "5",
        "side": "sell",
        "local_timestamp": "1765451114090",
        "timestamp": "1765451112820",
        "asset_price": 3199.535
    },
    {
        "price": "0.25",
        "size": "30",
        "side": "buy",
        "local_timestamp": "1765451114094",
        "timestamp": "1765451113340",
        "asset_price": 3199.535
    },
    {
        "price": "0.25",
        "size": "4",
        "side": "buy",
        "local_timestamp": "1765451115794",
        "timestamp": "1765451115661",
        "asset_price": 3199.585
    },
    {
        "price": "0.23",
        "size": "79",
        "side": "sell",
        "local_timestamp": "1765451117241",
        "timestamp": "1765451117108",
        "asset_price": 3199.635
    },
    {
        "price": "0.24",
        "size": "77.25",
        "side": "buy",
        "local_timestamp": "1765451122394",
        "timestamp": "1765451122264",
        "asset_price": 3199.385
    },
    {
        "price": "0.35",
        "size": "28.571427",
        "side": "buy",
        "local_timestamp": "1765451136436",
        "timestamp": "1765451136306",
        "asset_price": 3198.375
    },
    {
        "price": "0.35",
        "size": "85.714284",
        "side": "buy",
        "local_timestamp": "1765451147571",
        "timestamp": "1765451147441",
        "asset_price": 3198.215
    },
    {
        "price": "0.33",
        "size": "7",
        "side": "sell",
        "local_timestamp": "1765451150676",
        "timestamp": "1765451150542",
        "asset_price": 3198.4449999999997
    },
    {
        "price": "0.34",
        "size": "5",
        "side": "buy",
        "local_timestamp": "1765451150844",
        "timestamp": "1765451150711",
        "asset_price": 3198.4449999999997
    },
    {
        "price": "0.35",
        "size": "14",
        "side": "buy",
        "local_timestamp": "1765451151840",
        "timestamp": "1765451151709",
        "asset_price": 3198.225
    },
    {
        "price": "0.35",
        "size": "14",
        "side": "buy",
        "local_timestamp": "1765451151846",
        "timestamp": "1765451151716",
        "asset_price": 3198.225
    },
    {
        "price": "0.35",
        "size": "14",
        "side": "buy",
        "local_timestamp": "1765451151861",
        "timestamp": "1765451151725",
        "asset_price": 3198.225
    },
    {
        "price": "0.35",
        "size": "44",
        "side": "buy",
        "local_timestamp": "1765451151875",
        "timestamp": "1765451151744",
        "asset_price": 3198.225
    },
    {
        "price": "0.35",
        "size": "11.42857",
        "side": "buy",
        "local_timestamp": "1765451151911",
        "timestamp": "1765451151781",
        "asset_price": 3198.225
    },
    {
        "price": "0.35",
        "size": "16",
        "side": "buy",
        "local_timestamp": "1765451154035",
        "timestamp": "1765451153904",
        "asset_price": 3198.3450000000003
    },
    {
        "price": "0.33",
        "size": "5",
        "side": "buy",
        "local_timestamp": "1765451156659",
        "timestamp": "1765451156528",
        "asset_price": 3198.535
    },
    {
        "price": "0.34",
        "size": "10",
        "side": "sell",
        "local_timestamp": "1765451160572",
        "timestamp": "1765451160442",
        "asset_price": 3198.225
    },
    {
        "price": "0.35",
        "size": "14",
        "side": "buy",
        "local_timestamp": "1765451160925",
        "timestamp": "1765451160794",
        "asset_price": 3198.225
    },
    {
        "price": "0.35",
        "size": "14",
        "side": "buy",
        "local_timestamp": "1765451160954",
        "timestamp": "1765451160823",
        "asset_price": 3198.225
    },
    {
        "price": "0.35",
        "size": "14",
        "side": "buy",
        "local_timestamp": "1765451160984",
        "timestamp": "1765451160838",
        "asset_price": 3198.225
    },
    {
        "price": "0.35",
        "size": "14",
        "side": "buy",
        "local_timestamp": "1765451160984",
        "timestamp": "1765451160848",
        "asset_price": 3198.225
    },
    {
        "price": "0.33",
        "size": "2",
        "side": "sell",
        "local_timestamp": "1765451162371",
        "timestamp": "1765451162241",
        "asset_price": 3198.225
    },
    {
        "price": "0.34",
        "size": "14",
        "side": "buy",
        "local_timestamp": "1765451170321",
        "timestamp": "1765451170190",
        "asset_price": 3198.225
    },
    {
        "price": "0.35",
        "size": "5",
        "side": "buy",
        "local_timestamp": "1765451172655",
        "timestamp": "1765451172521",
        "asset_price": 3198.225
    },
    {
        "price": "0.33",
        "size": "5",
        "side": "sell",
        "local_timestamp": "1765451176448",
        "timestamp": "1765451176318",
        "asset_price": 3198.295
    },
    {
        "price": "0.27",
        "size": "14",
        "side": "buy",
        "local_timestamp": "1765451184767",
        "timestamp": "1765451184637",
        "asset_price": 3199.225
    },
    {
        "price": "0.26",
        "size": "14",
        "side": "buy",
        "local_timestamp": "1765451184780",
        "timestamp": "1765451184650",
        "asset_price": 3199.225
    },
    {
        "price": "0.22",
        "size": "10",
        "side": "sell",
        "local_timestamp": "1765451187784",
        "timestamp": "1765451187653",
        "asset_price": 3199.545
    },
    {
        "price": "0.24",
        "size": "10.416665",
        "side": "buy",
        "local_timestamp": "1765451189610",
        "timestamp": "1765451189479",
        "asset_price": 3199.545
    },
    {
        "price": "0.24",
        "size": "5",
        "side": "buy",
        "local_timestamp": "1765451192131",
        "timestamp": "1765451191997",
        "asset_price": 3199.545
    },
    {
        "price": "0.24",
        "size": "5",
        "side": "buy",
        "local_timestamp": "1765451192573",
        "timestamp": "1765451192438",
        "asset_price": 3199.545
    },
    {
        "price": "0.24",
        "size": "50",
        "side": "buy",
        "local_timestamp": "1765451193099",
        "timestamp": "1765451192969",
        "asset_price": 3199.545
    },
    {
        "price": "0.21",
        "size": "5",
        "side": "sell",
        "local_timestamp": "1765451209114",
        "timestamp": "1765451208977",
        "asset_price": 3199.545
    },
    {
        "price": "0.22",
        "size": "100",
        "side": "buy",
        "local_timestamp": "1765451210853",
        "timestamp": "1765451210721",
        "asset_price": 3199.545
    },
    {
        "price": "0.22",
        "size": "16",
        "side": "buy",
        "local_timestamp": "1765451210964",
        "timestamp": "1765451210831",
        "asset_price": 3199.545
    },
    {
        "price": "0.21",
        "size": "10",
        "side": "sell",
        "local_timestamp": "1765451210982",
        "timestamp": "1765451210848",
        "asset_price": 3199.545
    },
    {
        "price": "0.22",
        "size": "20",
        "side": "buy",
        "local_timestamp": "1765451212631",
        "timestamp": "1765451212499",
        "asset_price": 3199.545
    },
    {
        "price": "0.22",
        "size": "5",
        "side": "buy",
        "local_timestamp": "1765451215806",
        "timestamp": "1765451215672",
        "asset_price": 3199.545
    },
    {
        "price": "0.23",
        "size": "60",
        "side": "buy",
        "local_timestamp": "1765451219831",
        "timestamp": "1765451219701",
        "asset_price": 3199.545
    },
    {
        "price": "0.23",
        "size": "32",
        "side": "sell",
        "local_timestamp": "1765451220359",
        "timestamp": "1765451220228",
        "asset_price": 3199.545
    },
    {
        "price": "0.23",
        "size": "20",
        "side": "sell",
        "local_timestamp": "1765451220370",
        "timestamp": "1765451220239",
        "asset_price": 3199.545
    },
    {
        "price": "0.23",
        "size": "32",
        "side": "sell",
        "local_timestamp": "1765451220701",
        "timestamp": "1765451220570",
        "asset_price": 3199.545
    },
    {
        "price": "0.21",
        "size": "5",
        "side": "sell",
        "local_timestamp": "1765451222454",
        "timestamp": "1765451222322",
        "asset_price": 3199.995
    },
    {
        "price": "0.16",
        "size": "20",
        "side": "sell",
        "local_timestamp": "1765451226259",
        "timestamp": "1765451226127",
        "asset_price": 3200.3050000000003
    },
    {
        "price": "0.16",
        "size": "10",
        "side": "buy",
        "local_timestamp": "1765451227170",
        "timestamp": "1765451227035",
        "asset_price": 3200.3050000000003
    },
    {
        "price": "0.19",
        "size": "151",
        "side": "buy",
        "local_timestamp": "1765451227374",
        "timestamp": "1765451227242",
        "asset_price": 3200.3050000000003
    },
    {
        "price": "0.16",
        "size": "14.25",
        "side": "sell",
        "local_timestamp": "1765451228220",
        "timestamp": "1765451228080",
        "asset_price": 3202.135
    },
    {
        "price": "0.11",
        "size": "266.92",
        "side": "buy",
        "local_timestamp": "1765451229831",
        "timestamp": "1765451229700",
        "asset_price": 3202.1949999999997
    },
    {
        "price": "0.1",
        "size": "20",
        "side": "sell",
        "local_timestamp": "1765451230277",
        "timestamp": "1765451230139",
        "asset_price": 3202.335
    },
    {
        "price": "0.08",
        "size": "30",
        "side": "sell",
        "local_timestamp": "1765451231738",
        "timestamp": "1765451231607",
        "asset_price": 3202.575
    },
    {
        "price": "0.1",
        "size": "164",
        "side": "buy",
        "local_timestamp": "1765451231821",
        "timestamp": "1765451231691",
        "asset_price": 3202.575
    },
    {
        "price": "0.1",
        "size": "40.89",
        "side": "sell",
        "local_timestamp": "1765451233902",
        "timestamp": "1765451233770",
        "asset_price": 3202.4449999999997
    },
    {
        "price": "0.12",
        "size": "10.21",
        "side": "sell",
        "local_timestamp": "1765451239842",
        "timestamp": "1765451239711",
        "asset_price": 3201.705
    },
    {
        "price": "0.12",
        "size": "20",
        "side": "sell",
        "local_timestamp": "1765451243684",
        "timestamp": "1765451243554",
        "asset_price": 3201.745
    },
    {
        "price": "0.12",
        "size": "8.333332",
        "side": "buy",
        "local_timestamp": "1765451245171",
        "timestamp": "1765451245037",
        "asset_price": 3201.745
    },
    {
        "price": "0.12",
        "size": "8.333332",
        "side": "buy",
        "local_timestamp": "1765451248274",
        "timestamp": "1765451248142",
        "asset_price": 3201.745
    },
    {
        "price": "0.13",
        "size": "9",
        "side": "buy",
        "local_timestamp": "1765451269034",
        "timestamp": "1765451268905",
        "asset_price": 3201.025
    },
    {
        "price": "0.14",
        "size": "1.92",
        "side": "buy",
        "local_timestamp": "1765451269075",
        "timestamp": "1765451268944",
        "asset_price": 3201.025
    },
    {
        "price": "0.15",
        "size": "89",
        "side": "buy",
        "local_timestamp": "1765451269216",
        "timestamp": "1765451269085",
        "asset_price": 3201.025
    },
    {
        "price": "0.15",
        "size": "10.41",
        "side": "sell",
        "local_timestamp": "1765451278363",
        "timestamp": "1765451278233",
        "asset_price": 3200.785
    },
    {
        "price": "0.15",
        "size": "20",
        "side": "sell",
        "local_timestamp": "1765451281677",
        "timestamp": "1765451281552",
        "asset_price": 3201.145
    },
    {
        "price": "0.14",
        "size": "5",
        "side": "sell",
        "local_timestamp": "1765451282245",
        "timestamp": "1765451282120",
        "asset_price": 3201.145
    },
    {
        "price": "0.16",
        "size": "10",
        "side": "buy",
        "local_timestamp": "1765451287408",
        "timestamp": "1765451287284",
        "asset_price": 3200.225
    },
    {
        "price": "0.19",
        "size": "10",
        "side": "buy",
        "local_timestamp": "1765451288527",
        "timestamp": "1765451288403",
        "asset_price": 3200.225
    },
    {
        "price": "0.19",
        "size": "449",
        "side": "buy",
        "local_timestamp": "1765451288596",
        "timestamp": "1765451288472",
        "asset_price": 3200.225
    },
    {
        "price": "0.2",
        "size": "137.44",
        "side": "buy",
        "local_timestamp": "1765451291038",
        "timestamp": "1765451290914",
        "asset_price": 3199.495
    },
    {
        "price": "0.21",
        "size": "140",
        "side": "buy",
        "local_timestamp": "1765451291051",
        "timestamp": "1765451290926",
        "asset_price": 3199.495
    },
    {
        "price": "0.21",
        "size": "300",
        "side": "buy",
        "local_timestamp": "1765451292500",
        "timestamp": "1765451292376",
        "asset_price": 3199.495
    },
    {
        "price": "0.25",
        "size": "100",
        "side": "buy",
        "local_timestamp": "1765451295555",
        "timestamp": "1765451295430",
        "asset_price": 3199.425
    },
    {
        "price": "0.24",
        "size": "90",
        "side": "sell",
        "local_timestamp": "1765451296560",
        "timestamp": "1765451296435",
        "asset_price": 3199.425
    },
    {
        "price": "0.24",
        "size": "5",
        "side": "buy",
        "local_timestamp": "1765451298998",
        "timestamp": "1765451298867",
        "asset_price": 3199.425
    },
    {
        "price": "0.23",
        "size": "60",
        "side": "sell",
        "local_timestamp": "1765451299092",
        "timestamp": "1765451298968",
        "asset_price": 3199.425
    },
    {
        "price": "0.25",
        "size": "50",
        "side": "buy",
        "local_timestamp": "1765451308475",
        "timestamp": "1765451307944",
        "asset_price": 3198.675
    },
    {
        "price": "0.27",
        "size": "5",
        "side": "buy",
        "local_timestamp": "1765451308771",
        "timestamp": "1765451308645",
        "asset_price": 3198.675
    },
    {
        "price": "0.27",
        "size": "42.85",
        "side": "sell",
        "local_timestamp": "1765451309099",
        "timestamp": "1765451308975",
        "asset_price": 3198.675
    },
    {
        "price": "0.27",
        "size": "8.33",
        "side": "sell",
        "local_timestamp": "1765451310048",
        "timestamp": "1765451309924",
        "asset_price": 3198.575
    },
    {
        "price": "0.3",
        "size": "43",
        "side": "buy",
        "local_timestamp": "1765451310610",
        "timestamp": "1765451310486",
        "asset_price": 3198.435
    },
    {
        "price": "0.31",
        "size": "71",
        "side": "buy",
        "local_timestamp": "1765451310648",
        "timestamp": "1765451310524",
        "asset_price": 3198.435
    },
    {
        "price": "0.32",
        "size": "119",
        "side": "buy",
        "local_timestamp": "1765451310707",
        "timestamp": "1765451310583",
        "asset_price": 3198.435
    },
    {
        "price": "0.3",
        "size": "5",
        "side": "buy",
        "local_timestamp": "1765451310716",
        "timestamp": "1765451310592",
        "asset_price": 3198.435
    },
    {
        "price": "0.35",
        "size": "246",
        "side": "buy",
        "local_timestamp": "1765451313874",
        "timestamp": "1765451312782",
        "asset_price": 3198.1549999999997
    },
    {
        "price": "0.34",
        "size": "32",
        "side": "sell",
        "local_timestamp": "1765451313877",
        "timestamp": "1765451313615",
        "asset_price": 3198.1549999999997
    },
    {
        "price": "0.35",
        "size": "100",
        "side": "sell",
        "local_timestamp": "1765451322872",
        "timestamp": "1765451322747",
        "asset_price": 3197.815
    },
    {
        "price": "0.4",
        "size": "5",
        "side": "buy",
        "local_timestamp": "1765451324591",
        "timestamp": "1765451324467",
        "asset_price": 3197.275
    },
    {
        "price": "0.41",
        "size": "90",
        "side": "sell",
        "local_timestamp": "1765451325916",
        "timestamp": "1765451325791",
        "asset_price": 3197.275
    },
    {
        "price": "0.4",
        "size": "116.92",
        "side": "sell",
        "local_timestamp": "1765451326881",
        "timestamp": "1765451326756",
        "asset_price": 3197.275
    },
    {
        "price": "0.39",
        "size": "1",
        "side": "sell",
        "local_timestamp": "1765451333647",
        "timestamp": "1765451333520",
        "asset_price": 3197.275
    },
    {
        "price": "0.39",
        "size": "42.86",
        "side": "sell",
        "local_timestamp": "1765451336094",
        "timestamp": "1765451335970",
        "asset_price": 3197.275
    },
    {
        "price": "0.41",
        "size": "2.731706",
        "side": "buy",
        "local_timestamp": "1765451336897",
        "timestamp": "1765451336770",
        "asset_price": 3197.275
    },
    {
        "price": "0.41",
        "size": "2.731706",
        "side": "buy",
        "local_timestamp": "1765451338392",
        "timestamp": "1765451338268",
        "asset_price": 3197.275
    },
    {
        "price": "0.41",
        "size": "2.731706",
        "side": "buy",
        "local_timestamp": "1765451342483",
        "timestamp": "1765451342358",
        "asset_price": 3197.275
    },
    {
        "price": "0.41",
        "size": "5",
        "side": "buy",
        "local_timestamp": "1765451349506",
        "timestamp": "1765451347875",
        "asset_price": 3196.755
    },
    {
        "price": "0.46",
        "size": "76",
        "side": "buy",
        "local_timestamp": "1765451349507",
        "timestamp": "1765451348019",
        "asset_price": 3196.755
    },
    {
        "price": "0.41",
        "size": "12.142856",
        "side": "buy",
        "local_timestamp": "1765451354168",
        "timestamp": "1765451354044",
        "asset_price": 3196.955
    },
    {
        "price": "0.45",
        "size": "13",
        "side": "buy",
        "local_timestamp": "1765451354895",
        "timestamp": "1765451354771",
        "asset_price": 3196.955
    },
    {
        "price": "0.45",
        "size": "13",
        "side": "buy",
        "local_timestamp": "1765451354896",
        "timestamp": "1765451354771",
        "asset_price": 3196.955
    },
    {
        "price": "0.45",
        "size": "13",
        "side": "buy",
        "local_timestamp": "1765451354901",
        "timestamp": "1765451354776",
        "asset_price": 3196.955
    },
    {
        "price": "0.45",
        "size": "13",
        "side": "buy",
        "local_timestamp": "1765451354901",
        "timestamp": "1765451354777",
        "asset_price": 3196.955
    },
    {
        "price": "0.45",
        "size": "54.92",
        "side": "buy",
        "local_timestamp": "1765451354904",
        "timestamp": "1765451354780",
        "asset_price": 3196.955
    },
    {
        "price": "0.48",
        "size": "21",
        "side": "buy",
        "local_timestamp": "1765451360816",
        "timestamp": "1765451360691",
        "asset_price": 3195.835
    },
    {
        "price": "0.48",
        "size": "16",
        "side": "sell",
        "local_timestamp": "1765451361382",
        "timestamp": "1765451361257",
        "asset_price": 3195.835
    },
    {
        "price": "0.54",
        "size": "21",
        "side": "buy",
        "local_timestamp": "1765451361524",
        "timestamp": "1765451361400",
        "asset_price": 3195.835
    },
    {
        "price": "0.55",
        "size": "13",
        "side": "buy",
        "local_timestamp": "1765451361580",
        "timestamp": "1765451361456",
        "asset_price": 3195.835
    },
    {
        "price": "0.6",
        "size": "7",
        "side": "buy",
        "local_timestamp": "1765451365485",
        "timestamp": "1765451365360",
        "asset_price": 3195.245
    },
    {
        "price": "0.6",
        "size": "100",
        "side": "buy",
        "local_timestamp": "1765451366368",
        "timestamp": "1765451366244",
        "asset_price": 3195.245
    },
    {
        "price": "0.58",
        "size": "6",
        "side": "sell",
        "local_timestamp": "1765451371047",
        "timestamp": "1765451368921",
        "asset_price": 3195.245
    },
    {
        "price": "0.58",
        "size": "538",
        "side": "sell",
        "local_timestamp": "1765451371047",
        "timestamp": "1765451368926",
        "asset_price": 3195.245
    },
    {
        "price": "0.58",
        "size": "10.086204",
        "side": "buy",
        "local_timestamp": "1765451371048",
        "timestamp": "1765451369181",
        "asset_price": 3195.245
    },
    {
        "price": "0.59",
        "size": "20",
        "side": "buy",
        "local_timestamp": "1765451373258",
        "timestamp": "1765451373134",
        "asset_price": 3195.355
    },
    {
        "price": "0.58",
        "size": "5",
        "side": "buy",
        "local_timestamp": "1765451375726",
        "timestamp": "1765451375602",
        "asset_price": 3195.475
    },
    {
        "price": "0.58",
        "size": "34.482757",
        "side": "buy",
        "local_timestamp": "1765451378609",
        "timestamp": "1765451378485",
        "asset_price": 3195.475
    },
    {
        "price": "0.59",
        "size": "5",
        "side": "buy",
        "local_timestamp": "1765451379604",
        "timestamp": "1765451379477",
        "asset_price": 3195.475
    },
    {
        "price": "0.48",
        "size": "10.1",
        "side": "sell",
        "local_timestamp": "1765451381986",
        "timestamp": "1765451381862",
        "asset_price": 3196.355
    },
    {
        "price": "0.48",
        "size": "2.083332",
        "side": "buy",
        "local_timestamp": "1765451382790",
        "timestamp": "1765451382666",
        "asset_price": 3196.525
    },
    {
        "price": "0.48",
        "size": "5",
        "side": "buy",
        "local_timestamp": "1765451382854",
        "timestamp": "1765451382729",
        "asset_price": 3196.525
    },
    {
        "price": "0.46",
        "size": "20",
        "side": "buy",
        "local_timestamp": "1765451384516",
        "timestamp": "1765451384391",
        "asset_price": 3196.6949999999997
    },
    {
        "price": "0.46",
        "size": "10.869564",
        "side": "buy",
        "local_timestamp": "1765451386653",
        "timestamp": "1765451386529",
        "asset_price": 3196.6949999999997
    },
    {
        "price": "0.49",
        "size": "72",
        "side": "sell",
        "local_timestamp": "1765451389965",
        "timestamp": "1765451389321",
        "asset_price": 3196.275
    },
    {
        "price": "0.51",
        "size": "13",
        "side": "buy",
        "local_timestamp": "1765451390062",
        "timestamp": "1765451389938",
        "asset_price": 3196.275
    },
    {
        "price": "0.51",
        "size": "50",
        "side": "buy",
        "local_timestamp": "1765451392086",
        "timestamp": "1765451391961",
        "asset_price": 3196.275
    },
    {
        "price": "0.51",
        "size": "0.15",
        "side": "sell",
        "local_timestamp": "1765451393212",
        "timestamp": "1765451393088",
        "asset_price": 3196.105
    },
    {
        "price": "0.47",
        "size": "53",
        "side": "sell",
        "local_timestamp": "1765451396561",
        "timestamp": "1765451396333",
        "asset_price": 3196.385
    },
    {
        "price": "0.5",
        "size": "5",
        "side": "buy",
        "local_timestamp": "1765451396607",
        "timestamp": "1765451396483",
        "asset_price": 3196.385
    },
    {
        "price": "0.47",
        "size": "5",
        "side": "buy",
        "local_timestamp": "1765451399965",
        "timestamp": "1765451399841",
        "asset_price": 3196.385
    },
    {
        "price": "0.51",
        "size": "5",
        "side": "buy",
        "local_timestamp": "1765451404078",
        "timestamp": "1765451401934",
        "asset_price": 3195.245
    },
    {
        "price": "0.54",
        "size": "12",
        "side": "buy",
        "local_timestamp": "1765451404079",
        "timestamp": "1765451402004",
        "asset_price": 3195.245
    },
    {
        "price": "0.57",
        "size": "151.843447",
        "side": "buy",
        "local_timestamp": "1765451404089",
        "timestamp": "1765451402203",
        "asset_price": 3195.3050000000003
    },
    {
        "price": "0.58",
        "size": "118",
        "side": "buy",
        "local_timestamp": "1765451404090",
        "timestamp": "1765451402233",
        "asset_price": 3195.3050000000003
    },
    {
        "price": "0.58",
        "size": "17.203387",
        "side": "buy",
        "local_timestamp": "1765451404091",
        "timestamp": "1765451402357",
        "asset_price": 3195.3050000000003
    },
    {
        "price": "0.59",
        "size": "20",
        "side": "buy",
        "local_timestamp": "1765451404092",
        "timestamp": "1765451402486",
        "asset_price": 3195.3050000000003
    },
    {
        "price": "0.59",
        "size": "44",
        "side": "buy",
        "local_timestamp": "1765451404092",
        "timestamp": "1765451402548",
        "asset_price": 3195.3050000000003
    },
    {
        "price": "0.59",
        "size": "20",
        "side": "buy",
        "local_timestamp": "1765451404104",
        "timestamp": "1765451403038",
        "asset_price": 3195.3050000000003
    },
    {
        "price": "0.59",
        "size": "17.6",
        "side": "buy",
        "local_timestamp": "1765451404107",
        "timestamp": "1765451403584",
        "asset_price": 3195.3050000000003
    },
    {
        "price": "0.57",
        "size": "2.08",
        "side": "sell",
        "local_timestamp": "1765451405617",
        "timestamp": "1765451405492",
        "asset_price": 3195.395
    },
    {
        "price": "0.58",
        "size": "16",
        "side": "buy",
        "local_timestamp": "1765451407204",
        "timestamp": "1765451407079",
        "asset_price": 3195.395
    },
    {
        "price": "0.58",
        "size": "20",
        "side": "buy",
        "local_timestamp": "1765451407245",
        "timestamp": "1765451407120",
        "asset_price": 3195.395
    },
    {
        "price": "0.59",
        "size": "4.237287",
        "side": "buy",
        "local_timestamp": "1765451408189",
        "timestamp": "1765451408064",
        "asset_price": 3195.395
    },
    {
        "price": "0.6",
        "size": "34.48",
        "side": "sell",
        "local_timestamp": "1765451411685",
        "timestamp": "1765451411560",
        "asset_price": 3195.395
    },
    {
        "price": "0.57",
        "size": "11",
        "side": "sell",
        "local_timestamp": "1765451413632",
        "timestamp": "1765451413507",
        "asset_price": 3195.675
    },
    {
        "price": "0.58",
        "size": "10.086205",
        "side": "buy",
        "local_timestamp": "1765451413660",
        "timestamp": "1765451413537",
        "asset_price": 3195.675
    },
    {
        "price": "0.58",
        "size": "101.26966",
        "side": "buy",
        "local_timestamp": "1765451413751",
        "timestamp": "1765451413625",
        "asset_price": 3195.675
    },
    {
        "price": "0.57",
        "size": "5",
        "side": "buy",
        "local_timestamp": "1765451413800",
        "timestamp": "1765451413676",
        "asset_price": 3195.675
    },
    {
        "price": "0.54",
        "size": "106",
        "side": "buy",
        "local_timestamp": "1765451415069",
        "timestamp": "1765451414945",
        "asset_price": 3195.915
    },
    {
        "price": "0.55",
        "size": "30.92",
        "side": "buy",
        "local_timestamp": "1765451415078",
        "timestamp": "1765451414954",
        "asset_price": 3195.915
    },
    {
        "price": "0.54",
        "size": "20",
        "side": "buy",
        "local_timestamp": "1765451417257",
        "timestamp": "1765451417129",
        "asset_price": 3195.955
    },
    {
        "price": "0.49",
        "size": "10.1",
        "side": "sell",
        "local_timestamp": "1765451420822",
        "timestamp": "1765451420698",
        "asset_price": 3196.5550000000003
    },
    {
        "price": "0.47",
        "size": "196.92",
        "side": "buy",
        "local_timestamp": "1765451424014",
        "timestamp": "1765451423890",
        "asset_price": 3196.6949999999997
    },
    {
        "price": "0.43",
        "size": "4.209301",
        "side": "buy",
        "local_timestamp": "1765451430524",
        "timestamp": "1765451430401",
        "asset_price": 3197.145
    },
    {
        "price": "0.43",
        "size": "16",
        "side": "buy",
        "local_timestamp": "1765451430708",
        "timestamp": "1765451430583",
        "asset_price": 3197.145
    },
    {
        "price": "0.43",
        "size": "69.79",
        "side": "buy",
        "local_timestamp": "1765451430737",
        "timestamp": "1765451430613",
        "asset_price": 3197.145
    },
    {
        "price": "0.39",
        "size": "12",
        "side": "buy",
        "local_timestamp": "1765451437410",
        "timestamp": "1765451437286",
        "asset_price": 3196.705
    },
    {
        "price": "0.4",
        "size": "20",
        "side": "buy",
        "local_timestamp": "1765451437414",
        "timestamp": "1765451437290",
        "asset_price": 3196.705
    },
    {
        "price": "0.39",
        "size": "12",
        "side": "buy",
        "local_timestamp": "1765451437417",
        "timestamp": "1765451437292",
        "asset_price": 3196.705
    },
    {
        "price": "0.39",
        "size": "12",
        "side": "buy",
        "local_timestamp": "1765451437419",
        "timestamp": "1765451437294",
        "asset_price": 3196.705
    },
    {
        "price": "0.39",
        "size": "12",
        "side": "buy",
        "local_timestamp": "1765451437422",
        "timestamp": "1765451437298",
        "asset_price": 3196.705
    },
    {
        "price": "0.39",
        "size": "12",
        "side": "buy",
        "local_timestamp": "1765451437424",
        "timestamp": "1765451437300",
        "asset_price": 3196.705
    },
    {
        "price": "0.39",
        "size": "12",
        "side": "buy",
        "local_timestamp": "1765451437430",
        "timestamp": "1765451437305",
        "asset_price": 3196.705
    },
    {
        "price": "0.39",
        "size": "12",
        "side": "buy",
        "local_timestamp": "1765451437431",
        "timestamp": "1765451437307",
        "asset_price": 3196.705
    },
    {
        "price": "0.43",
        "size": "7",
        "side": "buy",
        "local_timestamp": "1765451437724",
        "timestamp": "1765451437598",
        "asset_price": 3196.705
    },
    {
        "price": "0.43",
        "size": "7",
        "side": "buy",
        "local_timestamp": "1765451437748",
        "timestamp": "1765451437622",
        "asset_price": 3196.705
    },
    {
        "price": "0.43",
        "size": "75.953487",
        "side": "buy",
        "local_timestamp": "1765451437965",
        "timestamp": "1765451437842",
        "asset_price": 3196.705
    },
    {
        "price": "0.43",
        "size": "59.651161",
        "side": "buy",
        "local_timestamp": "1765451438273",
        "timestamp": "1765451438145",
        "asset_price": 3196.705
    },
    {
        "price": "0.43",
        "size": "5",
        "side": "buy",
        "local_timestamp": "1765451438470",
        "timestamp": "1765451438346",
        "asset_price": 3196.705
    },
    {
        "price": "0.43",
        "size": "304.38",
        "side": "buy",
        "local_timestamp": "1765451438927",
        "timestamp": "1765451438801",
        "asset_price": 3196.705
    },
    {
        "price": "0.43",
        "size": "0.15",
        "side": "sell",
        "local_timestamp": "1765451442038",
        "timestamp": "1765451441914",
        "asset_price": 3196.705
    },
    {
        "price": "0.45",
        "size": "5.11111",
        "side": "buy",
        "local_timestamp": "1765451444961",
        "timestamp": "1765451444831",
        "asset_price": 3196.705
    },
    {
        "price": "0.43",
        "size": "6",
        "side": "buy",
        "local_timestamp": "1765451446997",
        "timestamp": "1765451446873",
        "asset_price": 3196.705
    },
    {
        "price": "0.4",
        "size": "16",
        "side": "sell",
        "local_timestamp": "1765451450356",
        "timestamp": "1765451450233",
        "asset_price": 3196.975
    },
    {
        "price": "0.34",
        "size": "7",
        "side": "sell",
        "local_timestamp": "1765451451663",
        "timestamp": "1765451451539",
        "asset_price": 3197.615
    },
    {
        "price": "0.33",
        "size": "20",
        "side": "sell",
        "local_timestamp": "1765451451668",
        "timestamp": "1765451451541",
        "asset_price": 3197.615
    },
    {
        "price": "0.33",
        "size": "2",
        "side": "sell",
        "local_timestamp": "1765451451670",
        "timestamp": "1765451451546",
        "asset_price": 3197.615
    },
    {
        "price": "0.32",
        "size": "20",
        "side": "sell",
        "local_timestamp": "1765451451674",
        "timestamp": "1765451451550",
        "asset_price": 3197.615
    },
    {
        "price": "0.35",
        "size": "5",
        "side": "buy",
        "local_timestamp": "1765451452460",
        "timestamp": "1765451452335",
        "asset_price": 3197.615
    },
    {
        "price": "0.35",
        "size": "101.92",
        "side": "buy",
        "local_timestamp": "1765451452730",
        "timestamp": "1765451452606",
        "asset_price": 3197.615
    },
    {
        "price": "0.37",
        "size": "5",
        "side": "buy",
        "local_timestamp": "1765451455247",
        "timestamp": "1765451455124",
        "asset_price": 3197.615
    },
    {
        "price": "0.34",
        "size": "20",
        "side": "buy",
        "local_timestamp": "1765451457819",
        "timestamp": "1765451457694",
        "asset_price": 3197.615
    },
    {
        "price": "0.34",
        "size": "19.2",
        "side": "buy",
        "local_timestamp": "1765451458242",
        "timestamp": "1765451458117",
        "asset_price": 3197.615
    },
    {
        "price": "0.29",
        "size": "5",
        "side": "buy",
        "local_timestamp": "1765451461214",
        "timestamp": "1765451461089",
        "asset_price": 3198.0550000000003
    },
    {
        "price": "0.29",
        "size": "5.344826",
        "side": "buy",
        "local_timestamp": "1765451461239",
        "timestamp": "1765451461111",
        "asset_price": 3198.0550000000003
    },
    {
        "price": "0.28",
        "size": "16",
        "side": "buy",
        "local_timestamp": "1765451471842",
        "timestamp": "1765451471716",
        "asset_price": 3197.605
    },
    {
        "price": "0.28",
        "size": "10.9",
        "side": "buy",
        "local_timestamp": "1765451471869",
        "timestamp": "1765451471742",
        "asset_price": 3197.605
    },
    {
        "price": "0.28",
        "size": "51.54",
        "side": "buy",
        "local_timestamp": "1765451471876",
        "timestamp": "1765451471751",
        "asset_price": 3197.605
    },
    {
        "price": "0.3",
        "size": "5",
        "side": "buy",
        "local_timestamp": "1765451471884",
        "timestamp": "1765451471759",
        "asset_price": 3197.605
    },
    {
        "price": "0.34",
        "size": "241.86",
        "side": "buy",
        "local_timestamp": "1765451471942",
        "timestamp": "1765451471815",
        "asset_price": 3197.605
    },
    {
        "price": "0.35",
        "size": "5",
        "side": "buy",
        "local_timestamp": "1765451472598",
        "timestamp": "1765451472474",
        "asset_price": 3197.605
    },
    {
        "price": "0.37",
        "size": "12",
        "side": "buy",
        "local_timestamp": "1765451475290",
        "timestamp": "1765451475166",
        "asset_price": 3197.395
    },
    {
        "price": "0.35",
        "size": "55.78",
        "side": "buy",
        "local_timestamp": "1765451477801",
        "timestamp": "1765451477440",
        "asset_price": 3197.395
    },
    {
        "price": "0.38",
        "size": "12",
        "side": "buy",
        "local_timestamp": "1765451478302",
        "timestamp": "1765451478177",
        "asset_price": 3197.2349999999997
    },
    {
        "price": "0.4",
        "size": "12",
        "side": "buy",
        "local_timestamp": "1765451478948",
        "timestamp": "1765451478824",
        "asset_price": 3197.2349999999997
    },
    {
        "price": "0.39",
        "size": "12",
        "side": "buy",
        "local_timestamp": "1765451480926",
        "timestamp": "1765451480802",
        "asset_price": 3197.245
    },
    {
        "price": "0.39",
        "size": "32",
        "side": "sell",
        "local_timestamp": "1765451481592",
        "timestamp": "1765451481468",
        "asset_price": 3197.245
    },
    {
        "price": "0.39",
        "size": "32",
        "side": "sell",
        "local_timestamp": "1765451481904",
        "timestamp": "1765451481780",
        "asset_price": 3197.245
    },
    {
        "price": "0.39",
        "size": "10",
        "side": "sell",
        "local_timestamp": "1765451485133",
        "timestamp": "1765451485009",
        "asset_price": 3197.245
    },
    {
        "price": "0.4",
        "size": "66",
        "side": "buy",
        "local_timestamp": "1765451487016",
        "timestamp": "1765451486892",
        "asset_price": 3197.2349999999997
    },
    {
        "price": "0.39",
        "size": "19.83",
        "side": "sell",
        "local_timestamp": "1765451488125",
        "timestamp": "1765451488000",
        "asset_price": 3197.245
    },
    {
        "price": "0.36",
        "size": "7",
        "side": "sell",
        "local_timestamp": "1765451488180",
        "timestamp": "1765451488055",
        "asset_price": 3197.245
    },
    {
        "price": "0.36",
        "size": "32",
        "side": "sell",
        "local_timestamp": "1765451492499",
        "timestamp": "1765451492373",
        "asset_price": 3197.355
    },
    {
        "price": "0.35",
        "size": "11",
        "side": "buy",
        "local_timestamp": "1765451497588",
        "timestamp": "1765451497464",
        "asset_price": 3197.355
    },
    {
        "price": "0.35",
        "size": "11",
        "side": "buy",
        "local_timestamp": "1765451498321",
        "timestamp": "1765451498197",
        "asset_price": 3197.355
    },
    {
        "price": "0.36",
        "size": "5",
        "side": "buy",
        "local_timestamp": "1765451498884",
        "timestamp": "1765451498760",
        "asset_price": 3197.355
    },
    {
        "price": "0.35",
        "size": "53.958332",
        "side": "buy",
        "local_timestamp": "1765451502774",
        "timestamp": "1765451502650",
        "asset_price": 3197.245
    },
    {
        "price": "0.36",
        "size": "44.36",
        "side": "buy",
        "local_timestamp": "1765451502812",
        "timestamp": "1765451502686",
        "asset_price": 3197.245
    },
    {
        "price": "0.39",
        "size": "5",
        "side": "buy",
        "local_timestamp": "1765451503516",
        "timestamp": "1765451503391",
        "asset_price": 3197.245
    },
    {
        "price": "0.36",
        "size": "10",
        "side": "sell",
        "local_timestamp": "1765451506211",
        "timestamp": "1765451506085",
        "asset_price": 3197.245
    },
    {
        "price": "0.34",
        "size": "54",
        "side": "sell",
        "local_timestamp": "1765451506683",
        "timestamp": "1765451506558",
        "asset_price": 3197.365
    },
    {
        "price": "0.33",
        "size": "119.92",
        "side": "sell",
        "local_timestamp": "1765451507267",
        "timestamp": "1765451507141",
        "asset_price": 3197.365
    },
    {
        "price": "0.32",
        "size": "57.4",
        "side": "sell",
        "local_timestamp": "1765451508852",
        "timestamp": "1765451508727",
        "asset_price": 3197.365
    },
    {
        "price": "0.33",
        "size": "1.6",
        "side": "buy",
        "local_timestamp": "1765451510965",
        "timestamp": "1765451510834",
        "asset_price": 3197.365
    },
    {
        "price": "0.34",
        "size": "106",
        "side": "buy",
        "local_timestamp": "1765451511172",
        "timestamp": "1765451511048",
        "asset_price": 3197.365
    },
    {
        "price": "0.35",
        "size": "54.971427",
        "side": "buy",
        "local_timestamp": "1765451512701",
        "timestamp": "1765451512576",
        "asset_price": 3197.365
    },
    {
        "price": "0.35",
        "size": "484.52",
        "side": "buy",
        "local_timestamp": "1765451512902",
        "timestamp": "1765451512777",
        "asset_price": 3197.365
    },
    {
        "price": "0.35",
        "size": "10.2",
        "side": "sell",
        "local_timestamp": "1765451513138",
        "timestamp": "1765451513013",
        "asset_price": 3197.365
    },
    {
        "price": "0.35",
        "size": "16",
        "side": "sell",
        "local_timestamp": "1765451513965",
        "timestamp": "1765451513841",
        "asset_price": 3197.365
    },
    {
        "price": "0.36",
        "size": "10",
        "side": "sell",
        "local_timestamp": "1765451516247",
        "timestamp": "1765451516122",
        "asset_price": 3197.245
    },
    {
        "price": "0.35",
        "size": "46",
        "side": "sell",
        "local_timestamp": "1765451516805",
        "timestamp": "1765451516680",
        "asset_price": 3197.245
    },
    {
        "price": "0.35",
        "size": "20",
        "side": "sell",
        "local_timestamp": "1765451516930",
        "timestamp": "1765451516806",
        "asset_price": 3197.245
    },
    {
        "price": "0.36",
        "size": "34",
        "side": "buy",
        "local_timestamp": "1765451519510",
        "timestamp": "1765451519386",
        "asset_price": 3197.245
    },
    {
        "price": "0.37",
        "size": "59.040539",
        "side": "buy",
        "local_timestamp": "1765451519961",
        "timestamp": "1765451519834",
        "asset_price": 3197.245
    },
    {
        "price": "0.37",
        "size": "9.054053",
        "side": "buy",
        "local_timestamp": "1765451521390",
        "timestamp": "1765451520507",
        "asset_price": 3197.245
    },
    {
        "price": "0.4",
        "size": "54.32",
        "side": "buy",
        "local_timestamp": "1765451521926",
        "timestamp": "1765451521800",
        "asset_price": 3196.635
    },
    {
        "price": "0.42",
        "size": "500",
        "side": "buy",
        "local_timestamp": "1765451521941",
        "timestamp": "1765451521817",
        "asset_price": 3196.635
    },
    {
        "price": "0.44",
        "size": "5",
        "side": "buy",
        "local_timestamp": "1765451521944",
        "timestamp": "1765451521819",
        "asset_price": 3196.635
    },
    {
        "price": "0.46",
        "size": "153.1",
        "side": "buy",
        "local_timestamp": "1765451521981",
        "timestamp": "1765451521854",
        "asset_price": 3196.635
    },
    {
        "price": "0.47",
        "size": "178.92",
        "side": "buy",
        "local_timestamp": "1765451524552",
        "timestamp": "1765451521878",
        "asset_price": 3196.415
    },
    {
        "price": "0.45",
        "size": "436",
        "side": "buy",
        "local_timestamp": "1765451524552",
        "timestamp": "1765451521898",
        "asset_price": 3196.415
    },
    {
        "price": "0.5",
        "size": "136.92",
        "side": "buy",
        "local_timestamp": "1765451524552",
        "timestamp": "1765451521904",
        "asset_price": 3196.415
    },
    {
        "price": "0.49",
        "size": "116.92",
        "side": "buy",
        "local_timestamp": "1765451524552",
        "timestamp": "1765451521921",
        "asset_price": 3196.415
    },
    {
        "price": "0.48",
        "size": "32",
        "side": "sell",
        "local_timestamp": "1765451524573",
        "timestamp": "1765451522928",
        "asset_price": 3196.415
    },
    {
        "price": "0.48",
        "size": "44",
        "side": "sell",
        "local_timestamp": "1765451524575",
        "timestamp": "1765451523230",
        "asset_price": 3196.415
    },
    {
        "price": "0.48",
        "size": "16",
        "side": "sell",
        "local_timestamp": "1765451524583",
        "timestamp": "1765451523847",
        "asset_price": 3196.415
    },
    {
        "price": "0.48",
        "size": "9",
        "side": "sell",
        "local_timestamp": "1765451524584",
        "timestamp": "1765451523860",
        "asset_price": 3196.415
    },
    {
        "price": "0.48",
        "size": "16",
        "side": "sell",
        "local_timestamp": "1765451524589",
        "timestamp": "1765451524465",
        "asset_price": 3196.415
    },
    {
        "price": "0.46",
        "size": "46",
        "side": "sell",
        "local_timestamp": "1765451524762",
        "timestamp": "1765451524639",
        "asset_price": 3196.415
    },
    {
        "price": "0.53",
        "size": "12.452829",
        "side": "buy",
        "local_timestamp": "1765451527201",
        "timestamp": "1765451527078",
        "asset_price": 3196.0950000000003
    },
    {
        "price": "0.53",
        "size": "10.54",
        "side": "buy",
        "local_timestamp": "1765451527227",
        "timestamp": "1765451527103",
        "asset_price": 3196.0950000000003
    },
    {
        "price": "0.55",
        "size": "10",
        "side": "buy",
        "local_timestamp": "1765451527309",
        "timestamp": "1765451527185",
        "asset_price": 3196.0950000000003
    },
    {
        "price": "0.55",
        "size": "166.92",
        "side": "buy",
        "local_timestamp": "1765451527420",
        "timestamp": "1765451527295",
        "asset_price": 3196.0950000000003
    },
    {
        "price": "0.57",
        "size": "32",
        "side": "buy",
        "local_timestamp": "1765451527487",
        "timestamp": "1765451527362",
        "asset_price": 3196.0950000000003
    },
    {
        "price": "0.57",
        "size": "61.05263",
        "side": "buy",
        "local_timestamp": "1765451527608",
        "timestamp": "1765451527484",
        "asset_price": 3196.0950000000003
    },
    {
        "price": "0.56",
        "size": "46.821427",
        "side": "buy",
        "local_timestamp": "1765451528076",
        "timestamp": "1765451527926",
        "asset_price": 3196.0950000000003
    },
    {
        "price": "0.54",
        "size": "32",
        "side": "sell",
        "local_timestamp": "1765451528646",
        "timestamp": "1765451528521",
        "asset_price": 3196.0950000000003
    },
    {
        "price": "0.51",
        "size": "44",
        "side": "sell",
        "local_timestamp": "1765451529608",
        "timestamp": "1765451529484",
        "asset_price": 3196.0950000000003
    },
    {
        "price": "0.51",
        "size": "32",
        "side": "sell",
        "local_timestamp": "1765451529913",
        "timestamp": "1765451529788",
        "asset_price": 3196.0950000000003
    },
    {
        "price": "0.52",
        "size": "151",
        "side": "buy",
        "local_timestamp": "1765451530124",
        "timestamp": "1765451530000",
        "asset_price": 3196.0950000000003
    },
    {
        "price": "0.53",
        "size": "32",
        "side": "buy",
        "local_timestamp": "1765451531809",
        "timestamp": "1765451531458",
        "asset_price": 3196.0950000000003
    },
    {
        "price": "0.5",
        "size": "60",
        "side": "sell",
        "local_timestamp": "1765451533736",
        "timestamp": "1765451533611",
        "asset_price": 3196.0950000000003
    },
    {
        "price": "0.51",
        "size": "5",
        "side": "buy",
        "local_timestamp": "1765451535429",
        "timestamp": "1765451535305",
        "asset_price": 3196.0950000000003
    },
    {
        "price": "0.5",
        "size": "101.27",
        "side": "sell",
        "local_timestamp": "1765451536168",
        "timestamp": "1765451536040",
        "asset_price": 3196.0950000000003
    },
    {
        "price": "0.52",
        "size": "5",
        "side": "buy",
        "local_timestamp": "1765451538891",
        "timestamp": "1765451538766",
        "asset_price": 3196.0950000000003
    },
    {
        "price": "0.42",
        "size": "5",
        "side": "buy",
        "local_timestamp": "1765451546154",
        "timestamp": "1765451545852",
        "asset_price": 3196.795
    },
    {
        "price": "0.42",
        "size": "7",
        "side": "buy",
        "local_timestamp": "1765451546351",
        "timestamp": "1765451546226",
        "asset_price": 3196.795
    },
    {
        "price": "0.43",
        "size": "20",
        "side": "buy",
        "local_timestamp": "1765451546389",
        "timestamp": "1765451546265",
        "asset_price": 3196.795
    },
    {
        "price": "0.44",
        "size": "90",
        "side": "buy",
        "local_timestamp": "1765451546837",
        "timestamp": "1765451546713",
        "asset_price": 3196.795
    },
    {
        "price": "0.45",
        "size": "176.376",
        "side": "buy",
        "local_timestamp": "1765451546858",
        "timestamp": "1765451546733",
        "asset_price": 3196.795
    },
    {
        "price": "0.45",
        "size": "5.555554",
        "side": "buy",
        "local_timestamp": "1765451547581",
        "timestamp": "1765451547457",
        "asset_price": 3196.795
    },
    {
        "price": "0.46",
        "size": "10",
        "side": "buy",
        "local_timestamp": "1765451551212",
        "timestamp": "1765451551087",
        "asset_price": 3196.685
    },
    {
        "price": "0.46",
        "size": "10",
        "side": "buy",
        "local_timestamp": "1765451551276",
        "timestamp": "1765451551152",
        "asset_price": 3196.685
    },
    {
        "price": "0.42",
        "size": "37",
        "side": "sell",
        "local_timestamp": "1765451556737",
        "timestamp": "1765451556613",
        "asset_price": 3196.685
    },
    {
        "price": "0.42",
        "size": "9.8",
        "side": "buy",
        "local_timestamp": "1765451557406",
        "timestamp": "1765451557279",
        "asset_price": 3196.685
    },
    {
        "price": "0.41",
        "size": "10",
        "side": "sell",
        "local_timestamp": "1765451559284",
        "timestamp": "1765451559159",
        "asset_price": 3196.685
    },
    {
        "price": "0.41",
        "size": "100",
        "side": "buy",
        "local_timestamp": "1765451560979",
        "timestamp": "1765451560854",
        "asset_price": 3196.685
    },
    {
        "price": "0.42",
        "size": "5",
        "side": "buy",
        "local_timestamp": "1765451562257",
        "timestamp": "1765451562127",
        "asset_price": 3196.685
    },
    {
        "price": "0.44",
        "size": "12",
        "side": "buy",
        "local_timestamp": "1765451563373",
        "timestamp": "1765451563245",
        "asset_price": 3196.685
    },
    {
        "price": "0.44",
        "size": "13.636362",
        "side": "buy",
        "local_timestamp": "1765451569678",
        "timestamp": "1765451569554",
        "asset_price": 3196.685
    },
    {
        "price": "0.46",
        "size": "99.92",
        "side": "buy",
        "local_timestamp": "1765451572062",
        "timestamp": "1765451571932",
        "asset_price": 3196.425
    },
    {
        "price": "0.46",
        "size": "7",
        "side": "sell",
        "local_timestamp": "1765451572137",
        "timestamp": "1765451572012",
        "asset_price": 3196.425
    },
    {
        "price": "0.48",
        "size": "84.673468",
        "side": "buy",
        "local_timestamp": "1765451572176",
        "timestamp": "1765451572052",
        "asset_price": 3196.425
    },
    {
        "price": "0.48",
        "size": "71.458332",
        "side": "buy",
        "local_timestamp": "1765451572471",
        "timestamp": "1765451572347",
        "asset_price": 3196.425
    },
    {
        "price": "0.46",
        "size": "30",
        "side": "sell",
        "local_timestamp": "1765451572653",
        "timestamp": "1765451572529",
        "asset_price": 3196.425
    },
    {
        "price": "0.33",
        "size": "3.909089",
        "side": "buy",
        "local_timestamp": "1765451576749",
        "timestamp": "1765451576625",
        "asset_price": 3197.295
    },
    {
        "price": "0.33",
        "size": "5",
        "side": "buy",
        "local_timestamp": "1765451577281",
        "timestamp": "1765451577157",
        "asset_price": 3197.3050000000003
    },
    {
        "price": "0.29",
        "size": "10.6",
        "side": "buy",
        "local_timestamp": "1765451579168",
        "timestamp": "1765451579045",
        "asset_price": 3197.3050000000003
    },
    {
        "price": "0.29",
        "size": "8.1",
        "side": "buy",
        "local_timestamp": "1765451579172",
        "timestamp": "1765451579047",
        "asset_price": 3197.3050000000003
    },
    {
        "price": "0.29",
        "size": "144",
        "side": "buy",
        "local_timestamp": "1765451579444",
        "timestamp": "1765451579320",
        "asset_price": 3197.3050000000003
    },
    {
        "price": "0.29",
        "size": "8.6",
        "side": "buy",
        "local_timestamp": "1765451579746",
        "timestamp": "1765451579617",
        "asset_price": 3197.3050000000003
    },
    {
        "price": "0.29",
        "size": "10",
        "side": "buy",
        "local_timestamp": "1765451580131",
        "timestamp": "1765451580007",
        "asset_price": 3197.3050000000003
    },
    {
        "price": "0.28",
        "size": "3.75",
        "side": "sell",
        "local_timestamp": "1765451581323",
        "timestamp": "1765451581189",
        "asset_price": 3197.3050000000003
    },
    {
        "price": "0.29",
        "size": "2.46",
        "side": "buy",
        "local_timestamp": "1765451581942",
        "timestamp": "1765451581818",
        "asset_price": 3197.3050000000003
    },
    {
        "price": "0.33",
        "size": "40",
        "side": "sell",
        "local_timestamp": "1765451583124",
        "timestamp": "1765451583000",
        "asset_price": 3196.825
    },
    {
        "price": "0.35",
        "size": "10",
        "side": "buy",
        "local_timestamp": "1765451583596",
        "timestamp": "1765451583469",
        "asset_price": 3196.825
    },
    {
        "price": "0.35",
        "size": "17",
        "side": "buy",
        "local_timestamp": "1765451583601",
        "timestamp": "1765451583473",
        "asset_price": 3196.825
    },
    {
        "price": "0.41",
        "size": "134.18857",
        "side": "buy",
        "local_timestamp": "1765451583794",
        "timestamp": "1765451583664",
        "asset_price": 3196.725
    },
    {
        "price": "0.42",
        "size": "154",
        "side": "buy",
        "local_timestamp": "1765451583819",
        "timestamp": "1765451583695",
        "asset_price": 3196.725
    },
    {
        "price": "0.43",
        "size": "32.209301",
        "side": "buy",
        "local_timestamp": "1765451584083",
        "timestamp": "1765451583957",
        "asset_price": 3196.725
    },
    {
        "price": "0.42",
        "size": "9",
        "side": "buy",
        "local_timestamp": "1765451584564",
        "timestamp": "1765451584439",
        "asset_price": 3196.675
    },
    {
        "price": "0.45",
        "size": "18",
        "side": "buy",
        "local_timestamp": "1765451584565",
        "timestamp": "1765451584441",
        "asset_price": 3196.675
    },
    {
        "price": "0.45",
        "size": "87.91111",
        "side": "buy",
        "local_timestamp": "1765451584931",
        "timestamp": "1765451584800",
        "asset_price": 3196.675
    },
    {
        "price": "0.45",
        "size": "357.08",
        "side": "buy",
        "local_timestamp": "1765451584938",
        "timestamp": "1765451584815",
        "asset_price": 3196.675
    },
    {
        "price": "0.44",
        "size": "16",
        "side": "sell",
        "local_timestamp": "1765451585672",
        "timestamp": "1765451585548",
        "asset_price": 3196.575
    },
    {
        "price": "0.47",
        "size": "102",
        "side": "buy",
        "local_timestamp": "1765451586016",
        "timestamp": "1765451585891",
        "asset_price": 3196.1949999999997
    },
    {
        "price": "0.51",
        "size": "33.137253",
        "side": "buy",
        "local_timestamp": "1765451586760",
        "timestamp": "1765451586635",
        "asset_price": 3196.1949999999997
    },
    {
        "price": "0.52",
        "size": "5.096152",
        "side": "buy",
        "local_timestamp": "1765451587280",
        "timestamp": "1765451587156",
        "asset_price": 3196.1949999999997
    },
    {
        "price": "0.49",
        "size": "441.37",
        "side": "sell",
        "local_timestamp": "1765451590130",
        "timestamp": "1765451590006",
        "asset_price": 3196.575
    },
    {
        "price": "0.46",
        "size": "11",
        "side": "sell",
        "local_timestamp": "1765451590151",
        "timestamp": "1765451590026",
        "asset_price": 3196.575
    },
    {
        "price": "0.45",
        "size": "20",
        "side": "buy",
        "local_timestamp": "1765451591364",
        "timestamp": "1765451591239",
        "asset_price": 3196.575
    },
    {
        "price": "0.46",
        "size": "151",
        "side": "buy",
        "local_timestamp": "1765451591470",
        "timestamp": "1765451591344",
        "asset_price": 3196.575
    },
    {
        "price": "0.45",
        "size": "5",
        "side": "buy",
        "local_timestamp": "1765451595898",
        "timestamp": "1765451595774",
        "asset_price": 3196.575
    },
    {
        "price": "0.44",
        "size": "0.05",
        "side": "sell",
        "local_timestamp": "1765451597213",
        "timestamp": "1765451597087",
        "asset_price": 3196.575
    },
    {
        "price": "0.44",
        "size": "98.95",
        "side": "sell",
        "local_timestamp": "1765451598529",
        "timestamp": "1765451598402",
        "asset_price": 3196.575
    },
    {
        "price": "0.45",
        "size": "5.11111",
        "side": "buy",
        "local_timestamp": "1765451600900",
        "timestamp": "1765451600773",
        "asset_price": 3196.575
    },
    {
        "price": "0.43",
        "size": "5.627905",
        "side": "buy",
        "local_timestamp": "1765451607280",
        "timestamp": "1765451607146",
        "asset_price": 3196.575
    },
    {
        "price": "0.42",
        "size": "1.96",
        "side": "sell",
        "local_timestamp": "1765451608625",
        "timestamp": "1765451608501",
        "asset_price": 3196.575
    },
    {
        "price": "0.38",
        "size": "115",
        "side": "buy",
        "local_timestamp": "1765451610652",
        "timestamp": "1765451610527",
        "asset_price": 3196.755
    },
    {
        "price": "0.38",
        "size": "32",
        "side": "sell",
        "local_timestamp": "1765451611176",
        "timestamp": "1765451611052",
        "asset_price": 3196.755
    },
    {
        "price": "0.38",
        "size": "307",
        "side": "sell",
        "local_timestamp": "1765451611338",
        "timestamp": "1765451611214",
        "asset_price": 3196.755
    },
    {
        "price": "0.38",
        "size": "12.3",
        "side": "buy",
        "local_timestamp": "1765451612687",
        "timestamp": "1765451612563",
        "asset_price": 3196.755
    },
    {
        "price": "0.38",
        "size": "10",
        "side": "buy",
        "local_timestamp": "1765451612707",
        "timestamp": "1765451612584",
        "asset_price": 3196.755
    },
    {
        "price": "0.38",
        "size": "8.2",
        "side": "sell",
        "local_timestamp": "1765451613422",
        "timestamp": "1765451613298",
        "asset_price": 3196.755
    },
    {
        "price": "0.36",
        "size": "14.2",
        "side": "sell",
        "local_timestamp": "1765451613876",
        "timestamp": "1765451613749",
        "asset_price": 3196.755
    },
    {
        "price": "0.35",
        "size": "20",
        "side": "sell",
        "local_timestamp": "1765451613876",
        "timestamp": "1765451613750",
        "asset_price": 3196.755
    },
    {
        "price": "0.32",
        "size": "6",
        "side": "sell",
        "local_timestamp": "1765451622892",
        "timestamp": "1765451622765",
        "asset_price": 3196.8450000000003
    },
    {
        "price": "0.28",
        "size": "50",
        "side": "sell",
        "local_timestamp": "1765451627942",
        "timestamp": "1765451627818",
        "asset_price": 3196.9849999999997
    },
    {
        "price": "0.28",
        "size": "20",
        "side": "sell",
        "local_timestamp": "1765451627983",
        "timestamp": "1765451627859",
        "asset_price": 3196.9849999999997
    },
    {
        "price": "0.29",
        "size": "8",
        "side": "buy",
        "local_timestamp": "1765451628863",
        "timestamp": "1765451628739",
        "asset_price": 3196.9849999999997
    },
    {
        "price": "0.29",
        "size": "8",
        "side": "buy",
        "local_timestamp": "1765451628902",
        "timestamp": "1765451628778",
        "asset_price": 3196.9849999999997
    },
    {
        "price": "0.28",
        "size": "5",
        "side": "buy",
        "local_timestamp": "1765451632577",
        "timestamp": "1765451632453",
        "asset_price": 3196.9849999999997
    },
    {
        "price": "0.28",
        "size": "5",
        "side": "buy",
        "local_timestamp": "1765451632722",
        "timestamp": "1765451632598",
        "asset_price": 3196.9849999999997
    },
    {
        "price": "0.26",
        "size": "5",
        "side": "buy",
        "local_timestamp": "1765451637503",
        "timestamp": "1765451636392",
        "asset_price": 3196.9849999999997
    },
    {
        "price": "0.26",
        "size": "5",
        "side": "buy",
        "local_timestamp": "1765451638441",
        "timestamp": "1765451638316",
        "asset_price": 3196.9849999999997
    },
    {
        "price": "0.26",
        "size": "60",
        "side": "buy",
        "local_timestamp": "1765451639459",
        "timestamp": "1765451639334",
        "asset_price": 3196.9849999999997
    },
    {
        "price": "0.26",
        "size": "49.34",
        "side": "buy",
        "local_timestamp": "1765451639509",
        "timestamp": "1765451639382",
        "asset_price": 3196.9849999999997
    },
    {
        "price": "0.28",
        "size": "47.67",
        "side": "buy",
        "local_timestamp": "1765451640760",
        "timestamp": "1765451640635",
        "asset_price": 3196.9849999999997
    },
    {
        "price": "0.29",
        "size": "130",
        "side": "buy",
        "local_timestamp": "1765451643901",
        "timestamp": "1765451640758",
        "asset_price": 3196.9849999999997
    },
    {
        "price": "0.25",
        "size": "60",
        "side": "sell",
        "local_timestamp": "1765451643918",
        "timestamp": "1765451641938",
        "asset_price": 3196.9849999999997
    },
    {
        "price": "0.26",
        "size": "42.9",
        "side": "buy",
        "local_timestamp": "1765451646145",
        "timestamp": "1765451646021",
        "asset_price": 3196.9849999999997
    },
    {
        "price": "0.26",
        "size": "18.307691",
        "side": "buy",
        "local_timestamp": "1765451648379",
        "timestamp": "1765451648253",
        "asset_price": 3196.9849999999997
    },
    {
        "price": "0.26",
        "size": "49.72",
        "side": "buy",
        "local_timestamp": "1765451648449",
        "timestamp": "1765451648325",
        "asset_price": 3196.9849999999997
    },
    {
        "price": "0.3",
        "size": "5",
        "side": "buy",
        "local_timestamp": "1765451649194",
        "timestamp": "1765451649070",
        "asset_price": 3196.9849999999997
    },
    {
        "price": "0.33",
        "size": "20",
        "side": "buy",
        "local_timestamp": "1765451652220",
        "timestamp": "1765451652096",
        "asset_price": 3196.175
    },
    {
        "price": "0.34",
        "size": "20",
        "side": "buy",
        "local_timestamp": "1765451652229",
        "timestamp": "1765451652104",
        "asset_price": 3196.175
    },
    {
        "price": "0.34",
        "size": "18.3",
        "side": "buy",
        "local_timestamp": "1765451652237",
        "timestamp": "1765451652112",
        "asset_price": 3196.175
    },
    {
        "price": "0.36",
        "size": "32.4",
        "side": "buy",
        "local_timestamp": "1765451652250",
        "timestamp": "1765451652125",
        "asset_price": 3196.175
    },
    {
        "price": "0.39",
        "size": "18",
        "side": "buy",
        "local_timestamp": "1765451652257",
        "timestamp": "1765451652133",
        "asset_price": 3196.175
    },
    {
        "price": "0.43",
        "size": "20",
        "side": "buy",
        "local_timestamp": "1765451652269",
        "timestamp": "1765451652145",
        "asset_price": 3196.175
    },
    {
        "price": "0.41",
        "size": "20",
        "side": "buy",
        "local_timestamp": "1765451652270",
        "timestamp": "1765451652146",
        "asset_price": 3196.175
    },
    {
        "price": "0.43",
        "size": "6.6",
        "side": "buy",
        "local_timestamp": "1765451652280",
        "timestamp": "1765451652154",
        "asset_price": 3196.175
    },
    {
        "price": "0.43",
        "size": "54.92",
        "side": "buy",
        "local_timestamp": "1765451652284",
        "timestamp": "1765451652158",
        "asset_price": 3196.175
    },
    {
        "price": "0.44",
        "size": "51",
        "side": "buy",
        "local_timestamp": "1765451652296",
        "timestamp": "1765451652161",
        "asset_price": 3196.175
    },
    {
        "price": "0.45",
        "size": "115.92",
        "side": "buy",
        "local_timestamp": "1765451652297",
        "timestamp": "1765451652167",
        "asset_price": 3196.175
    },
    {
        "price": "0.47",
        "size": "106.92",
        "side": "buy",
        "local_timestamp": "1765451652305",
        "timestamp": "1765451652181",
        "asset_price": 3196.175
    },
    {
        "price": "0.49",
        "size": "40",
        "side": "buy",
        "local_timestamp": "1765451652319",
        "timestamp": "1765451652195",
        "asset_price": 3196.175
    },
    {
        "price": "0.51",
        "size": "140",
        "side": "buy",
        "local_timestamp": "1765451652323",
        "timestamp": "1765451652196",
        "asset_price": 3196.175
    },
    {
        "price": "0.45",
        "size": "9",
        "side": "buy",
        "local_timestamp": "1765451652335",
        "timestamp": "1765451652211",
        "asset_price": 3196.175
    },
    {
        "price": "0.46",
        "size": "106.92",
        "side": "buy",
        "local_timestamp": "1765451652352",
        "timestamp": "1765451652228",
        "asset_price": 3196.175
    },
    {
        "price": "0.45",
        "size": "8",
        "side": "sell",
        "local_timestamp": "1765451652848",
        "timestamp": "1765451652721",
        "asset_price": 3196.175
    },
    {
        "price": "0.45",
        "size": "30",
        "side": "sell",
        "local_timestamp": "1765451652854",
        "timestamp": "1765451652730",
        "asset_price": 3196.175
    },
    {
        "price": "0.53",
        "size": "5.188678",
        "side": "buy",
        "local_timestamp": "1765451653433",
        "timestamp": "1765451653309",
        "asset_price": 3196.175
    },
    {
        "price": "0.48",
        "size": "5.833332",
        "side": "buy",
        "local_timestamp": "1765451654089",
        "timestamp": "1765451653965",
        "asset_price": 3196.175
    },
    {
        "price": "0.47",
        "size": "61",
        "side": "sell",
        "local_timestamp": "1765451654182",
        "timestamp": "1765451654058",
        "asset_price": 3196.175
    },
    {
        "price": "0.47",
        "size": "2",
        "side": "sell",
        "local_timestamp": "1765451655971",
        "timestamp": "1765451655847",
        "asset_price": 3196.175
    },
    {
        "price": "0.53",
        "size": "32.188678",
        "side": "buy",
        "local_timestamp": "1765451658013",
        "timestamp": "1765451657888",
        "asset_price": 3196.175
    },
    {
        "price": "0.52",
        "size": "5",
        "side": "sell",
        "local_timestamp": "1765451658798",
        "timestamp": "1765451658675",
        "asset_price": 3196.175
    },
    {
        "price": "0.51",
        "size": "13.63",
        "side": "sell",
        "local_timestamp": "1765451659086",
        "timestamp": "1765451658960",
        "asset_price": 3196.175
    },
    {
        "price": "0.53",
        "size": "1.886791",
        "side": "buy",
        "local_timestamp": "1765451661513",
        "timestamp": "1765451661389",
        "asset_price": 3196.175
    },
    {
        "price": "0.52",
        "size": "5",
        "side": "buy",
        "local_timestamp": "1765451663542",
        "timestamp": "1765451663418",
        "asset_price": 3196.175
    },
    {
        "price": "0.53",
        "size": "5",
        "side": "buy",
        "local_timestamp": "1765451663717",
        "timestamp": "1765451663593",
        "asset_price": 3196.175
    },
    {
        "price": "0.54",
        "size": "5",
        "side": "buy",
        "local_timestamp": "1765451663864",
        "timestamp": "1765451663739",
        "asset_price": 3196.175
    },
    {
        "price": "0.56",
        "size": "5",
        "side": "buy",
        "local_timestamp": "1765451664033",
        "timestamp": "1765451663907",
        "asset_price": 3196.175
    },
    {
        "price": "0.52",
        "size": "84.37",
        "side": "sell",
        "local_timestamp": "1765451664429",
        "timestamp": "1765451664304",
        "asset_price": 3196.175
    },
    {
        "price": "0.51",
        "size": "64",
        "side": "sell",
        "local_timestamp": "1765451664736",
        "timestamp": "1765451664611",
        "asset_price": 3196.175
    },
    {
        "price": "0.49",
        "size": "16.86",
        "side": "sell",
        "local_timestamp": "1765451668657",
        "timestamp": "1765451666039",
        "asset_price": 3196.1949999999997
    },
    {
        "price": "0.47",
        "size": "121",
        "side": "sell",
        "local_timestamp": "1765451668668",
        "timestamp": "1765451668231",
        "asset_price": 3196.1949999999997
    },
    {
        "price": "0.47",
        "size": "8",
        "side": "sell",
        "local_timestamp": "1765451668668",
        "timestamp": "1765451668251",
        "asset_price": 3196.1949999999997
    },
    {
        "price": "0.48",
        "size": "13.6",
        "side": "buy",
        "local_timestamp": "1765451672410",
        "timestamp": "1765451671203",
        "asset_price": 3196.1949999999997
    },
    {
        "price": "0.48",
        "size": "6.4",
        "side": "buy",
        "local_timestamp": "1765451672597",
        "timestamp": "1765451672471",
        "asset_price": 3196.1949999999997
    },
    {
        "price": "0.51",
        "size": "50.192306",
        "side": "buy",
        "local_timestamp": "1765451672605",
        "timestamp": "1765451672481",
        "asset_price": 3196.1949999999997
    },
    {
        "price": "0.54",
        "size": "5",
        "side": "buy",
        "local_timestamp": "1765451673327",
        "timestamp": "1765451673204",
        "asset_price": 3196.1949999999997
    },
    {
        "price": "0.53",
        "size": "7",
        "side": "buy",
        "local_timestamp": "1765451673908",
        "timestamp": "1765451673783",
        "asset_price": 3196.1949999999997
    },
    {
        "price": "0.55",
        "size": "32",
        "side": "buy",
        "local_timestamp": "1765451675040",
        "timestamp": "1765451674916",
        "asset_price": 3196.1949999999997
    },
    {
        "price": "0.55",
        "size": "149.27",
        "side": "buy",
        "local_timestamp": "1765451675352",
        "timestamp": "1765451675225",
        "asset_price": 3196.1949999999997
    },
    {
        "price": "0.56",
        "size": "100",
        "side": "buy",
        "local_timestamp": "1765451676008",
        "timestamp": "1765451675884",
        "asset_price": 3196.1949999999997
    },
    {
        "price": "0.55",
        "size": "32",
        "side": "sell",
        "local_timestamp": "1765451676218",
