[
    {
        "price": "0.42",
        "size": "8",
        "side": "buy",
        "local_timestamp": "1765450851188",
        "timestamp": "1765450850783",
        "asset_price": 3194.925
    },
    {
        "price": "0.42",
        "size": "2.380951",
        "side": "buy",
        "local_timestamp": "1765450854857",
        "timestamp": "1765450854727",
        "asset_price": 3195.045
    },
    {
        "price": "0.43",
        "size": "20",
        "side": "buy",
        "local_timestamp": "1765450855693",
        "timestamp": "1765450855562",
        "asset_price": 3195.355
    },
    {
        "price": "0.42",
        "size": "14",
        "side": "sell",
        "local_timestamp": "1765450855816",
        "timestamp": "1765450855683",
        "asset_price": 3195.355
    },
    {
        "price": "0.44",
        "size": "5",
        "side": "buy",
        "local_timestamp": "1765450857035",
        "timestamp": "1765450856900",
        "asset_price": 3195.5150000000003
    },
    {
        "price": "0.45",
        "size": "441.696665",
        "side": "buy",
        "local_timestamp": "1765450859375",
        "timestamp": "1765450859241",
        "asset_price": 3195.295
    },
    {
        "price": "0.45",
        "size": "38.3",
        "side": "buy",
        "local_timestamp": "1765450859591",
        "timestamp": "1765450859461",
        "asset_price": 3195.185
    },
    {
        "price": "0.42",
        "size": "51",
        "side": "sell",
        "local_timestamp": "1765450860126",
        "timestamp": "1765450859995",
        "asset_price": 3195.185
    },
    {
        "price": "0.37",
        "size": "12.5",
        "side": "buy",
        "local_timestamp": "1765450869276",
        "timestamp": "1765450869145",
        "asset_price": 3194.245
    },
    {
        "price": "0.37",
        "size": "2.702701",
        "side": "buy",
        "local_timestamp": "1765450869988",
        "timestamp": "1765450869852",
        "asset_price": 3194.245
    },
    {
        "price": "0.37",
        "size": "14",
        "side": "buy",
        "local_timestamp": "1765450871319",
        "timestamp": "1765450871174",
        "asset_price": 3194.245
    },
    {
        "price": "0.36",
        "size": "110.997836",
        "side": "buy",
        "local_timestamp": "1765450881808",
        "timestamp": "1765450881677",
        "asset_price": 3194.245
    },
    {
        "price": "0.37",
        "size": "160",
        "side": "buy",
        "local_timestamp": "1765450883937",
        "timestamp": "1765450883807",
        "asset_price": 3194.245
    },
    {
        "price": "0.49",
        "size": "16",
        "side": "buy",
        "local_timestamp": "1765450894790",
        "timestamp": "1765450894659",
        "asset_price": 3196.0150000000003
    },
    {
        "price": "0.41",
        "size": "5",
        "side": "buy",
        "local_timestamp": "1765450909574",
        "timestamp": "1765450909443",
        "asset_price": 3194.335
    },
    {
        "price": "0.4",
        "size": "7.32",
        "side": "buy",
        "local_timestamp": "1765450910004",
        "timestamp": "1765450909874",
        "asset_price": 3194.245
    },
    {
        "price": "0.39",
        "size": "16",
        "side": "sell",
        "local_timestamp": "1765450910157",
        "timestamp": "1765450910025",
        "asset_price": 3194.245
    },
    {
        "price": "0.38",
        "size": "7.32",
        "side": "buy",
        "local_timestamp": "1765450910743",
        "timestamp": "1765450910613",
        "asset_price": 3194.245
    },
    {
        "price": "0.37",
        "size": "7.32",
        "side": "buy",
        "local_timestamp": "1765450911489",
        "timestamp": "1765450911359",
        "asset_price": 3194.245
    },
    {
        "price": "0.37",
        "size": "7.32",
        "side": "buy",
        "local_timestamp": "1765450912227",
        "timestamp": "1765450912095",
        "asset_price": 3194.245
    },
    {
        "price": "0.37",
        "size": "7.32",
        "side": "buy",
        "local_timestamp": "1765450912971",
        "timestamp": "1765450912834",
        "asset_price": 3194.245
    },
    {
        "price": "0.38",
        "size": "7.32",
        "side": "buy",
        "local_timestamp": "1765450913704",
        "timestamp": "1765450913574",
        "asset_price": 3194.245
    },
    {
        "price": "0.38",
        "size": "42",
        "side": "sell",
        "local_timestamp": "1765450914303",
        "timestamp": "1765450914166",
        "asset_price": 3194.245
    },
    {
        "price": "0.39",
        "size": "7.32",
        "side": "buy",
        "local_timestamp": "1765450914437",
        "timestamp": "1765450914306",
        "asset_price": 3194.245
    },
    {
        "price": "0.39",
        "size": "14",
        "side": "buy",
        "local_timestamp": "1765450914781",
        "timestamp": "1765450914651",
        "asset_price": 3194.245
    },
    {
        "price": "0.38",
        "size": "7.32",
        "side": "buy",
        "local_timestamp": "1765450915177",
        "timestamp": "1765450915046",
        "asset_price": 3194.245
    },
    {
        "price": "0.39",
        "size": "7.32",
        "side": "buy",
        "local_timestamp": "1765450915929",
        "timestamp": "1765450915797",
        "asset_price": 3194.245
    },
    {
        "price": "0.39",
        "size": "7.32",
        "side": "buy",
        "local_timestamp": "1765450916677",
        "timestamp": "1765450916546",
        "asset_price": 3194.245
    },
    {
        "price": "0.33",
        "size": "5",
        "side": "buy",
        "local_timestamp": "1765450921597",
        "timestamp": "1765450921467",
        "asset_price": 3193.6949999999997
    },
    {
        "price": "0.33",
        "size": "10",
        "side": "sell",
        "local_timestamp": "1765450921865",
        "timestamp": "1765450921735",
        "asset_price": 3193.975
    },
    {
        "price": "0.35",
        "size": "10",
        "side": "buy",
        "local_timestamp": "1765450921903",
        "timestamp": "1765450921770",
        "asset_price": 3193.975
    },
    {
        "price": "0.35",
        "size": "10",
        "side": "buy",
        "local_timestamp": "1765450921936",
        "timestamp": "1765450921806",
        "asset_price": 3193.975
    },
    {
        "price": "0.35",
        "size": "10",
        "side": "buy",
        "local_timestamp": "1765450922570",
        "timestamp": "1765450922437",
        "asset_price": 3193.975
    },
    {
        "price": "0.35",
        "size": "10",
        "side": "buy",
        "local_timestamp": "1765450922588",
        "timestamp": "1765450922458",
        "asset_price": 3193.975
    },
    {
        "price": "0.36",
        "size": "5",
        "side": "sell",
        "local_timestamp": "1765450923117",
        "timestamp": "1765450922986",
        "asset_price": 3193.975
    },
    {
        "price": "0.36",
        "size": "10",
        "side": "buy",
        "local_timestamp": "1765450923240",
        "timestamp": "1765450923109",
        "asset_price": 3193.975
    },
    {
        "price": "0.36",
        "size": "10",
        "side": "buy",
        "local_timestamp": "1765450923251",
        "timestamp": "1765450923121",
        "asset_price": 3193.975
    },
    {
        "price": "0.36",
        "size": "14",
        "side": "buy",
        "local_timestamp": "1765450923344",
        "timestamp": "1765450923193",
        "asset_price": 3193.975
    },
    {
        "price": "0.36",
        "size": "10",
        "side": "buy",
        "local_timestamp": "1765450923914",
        "timestamp": "1765450923784",
        "asset_price": 3193.975
    },
    {
        "price": "0.36",
        "size": "10",
        "side": "buy",
        "local_timestamp": "1765450923932",
        "timestamp": "1765450923802",
        "asset_price": 3193.975
    },
    {
        "price": "0.36",
        "size": "10",
        "side": "buy",
        "local_timestamp": "1765450924563",
        "timestamp": "1765450924432",
        "asset_price": 3193.975
    },
    {
        "price": "0.36",
        "size": "10",
        "side": "buy",
        "local_timestamp": "1765450924593",
        "timestamp": "1765450924461",
        "asset_price": 3193.975
    },
    {
        "price": "0.36",
        "size": "5",
        "side": "buy",
        "local_timestamp": "1765450933151",
        "timestamp": "1765450933009",
        "asset_price": 3193.995
    },
    {
        "price": "0.37",
        "size": "273.243242",
        "side": "buy",
        "local_timestamp": "1765450934287",
        "timestamp": "1765450934153",
        "asset_price": 3193.995
    },
    {
        "price": "0.34",
        "size": "10",
        "side": "buy",
        "local_timestamp": "1765450943312",
        "timestamp": "1765450943180",
        "asset_price": 3193.565
    },
    {
        "price": "0.34",
        "size": "10",
        "side": "buy",
        "local_timestamp": "1765450943338",
        "timestamp": "1765450943208",
        "asset_price": 3193.565
    },
    {
        "price": "0.34",
        "size": "14.705881",
        "side": "buy",
        "local_timestamp": "1765450945273",
        "timestamp": "1765450945142",
        "asset_price": 3193.565
    },
    {
        "price": "0.33",
        "size": "2.3",
        "side": "buy",
        "local_timestamp": "1765450959673",
        "timestamp": "1765450959540",
        "asset_price": 3193.545
    },
    {
        "price": "0.35",
        "size": "21",
        "side": "buy",
        "local_timestamp": "1765450960616",
        "timestamp": "1765450960485",
        "asset_price": 3193.975
    },
    {
        "price": "0.33",
        "size": "5",
        "side": "buy",
        "local_timestamp": "1765450967544",
        "timestamp": "1765450967413",
        "asset_price": 3193.5550000000003
    },
    {
        "price": "0.33",
        "size": "16",
        "side": "buy",
        "local_timestamp": "1765450970459",
        "timestamp": "1765450970327",
        "asset_price": 3193.9049999999997
    },
    {
        "price": "0.33",
        "size": "6.060605",
        "side": "buy",
        "local_timestamp": "1765450974462",
        "timestamp": "1765450974332",
        "asset_price": 3193.9049999999997
    },
    {
        "price": "0.34",
        "size": "5",
        "side": "buy",
        "local_timestamp": "1765450976390",
        "timestamp": "1765450976259",
        "asset_price": 3193.9049999999997
    },
    {
        "price": "0.34",
        "size": "2.941175",
        "side": "buy",
        "local_timestamp": "1765450976416",
        "timestamp": "1765450976282",
        "asset_price": 3193.9049999999997
    },
    {
        "price": "0.32",
        "size": "5",
        "side": "buy",
        "local_timestamp": "1765450981119",
        "timestamp": "1765450980989",
        "asset_price": 3193.455
    },
    {
        "price": "0.32",
        "size": "20",
        "side": "buy",
        "local_timestamp": "1765450987504",
        "timestamp": "1765450987370",
        "asset_price": 3193.465
    },
    {
        "price": "0.31",
        "size": "0.24",
        "side": "buy",
        "local_timestamp": "1765450992949",
        "timestamp": "1765450992569",
        "asset_price": 3193.465
    },
    {
        "price": "0.33",
        "size": "8",
        "side": "buy",
        "local_timestamp": "1765451001594",
        "timestamp": "1765451001461",
        "asset_price": 3193.605
    },
    {
        "price": "0.33",
        "size": "5",
        "side": "buy",
        "local_timestamp": "1765451002238",
        "timestamp": "1765451002103",
        "asset_price": 3193.605
    },
    {
        "price": "0.32",
        "size": "3",
        "side": "buy",
        "local_timestamp": "1765451003590",
        "timestamp": "1765451003457",
        "asset_price": 3193.605
    },
    {
        "price": "0.32",
        "size": "11",
        "side": "buy",
        "local_timestamp": "1765451004230",
        "timestamp": "1765451004099",
        "asset_price": 3193.605
    },
    {
        "price": "0.32",
        "size": "14",
        "side": "buy",
        "local_timestamp": "1765451005481",
        "timestamp": "1765451005350",
        "asset_price": 3193.605
    },
    {
        "price": "0.32",
        "size": "14",
        "side": "buy",
        "local_timestamp": "1765451008132",
        "timestamp": "1765451007985",
        "asset_price": 3193.605
    },
    {
        "price": "0.31",
        "size": "20",
        "side": "sell",
        "local_timestamp": "1765451009146",
        "timestamp": "1765451009015",
        "asset_price": 3193.605
    },
    {
        "price": "0.33",
        "size": "60.606059",
        "side": "buy",
        "local_timestamp": "1765451009536",
        "timestamp": "1765451009405",
        "asset_price": 3193.605
    },
    {
        "price": "0.33",
        "size": "60.606059",
        "side": "buy",
        "local_timestamp": "1765451012677",
        "timestamp": "1765451012546",
        "asset_price": 3193.605
    },
    {
        "price": "0.33",
        "size": "15.151514",
        "side": "buy",
        "local_timestamp": "1765451013289",
        "timestamp": "1765451013156",
        "asset_price": 3193.605
    },
    {
        "price": "0.33",
        "size": "60.606059",
        "side": "buy",
        "local_timestamp": "1765451016732",
        "timestamp": "1765451016601",
        "asset_price": 3193.785
    },
    {
        "price": "0.34",
        "size": "5",
        "side": "buy",
        "local_timestamp": "1765451017998",
        "timestamp": "1765451017866",
        "asset_price": 3193.855
    },
    {
        "price": "0.35",
        "size": "5",
        "side": "buy",
        "local_timestamp": "1765451020724",
        "timestamp": "1765451020593",
        "asset_price": 3194.315
    },
    {
        "price": "0.35",
        "size": "11.285713",
        "side": "buy",
        "local_timestamp": "1765451022366",
        "timestamp": "1765451022235",
        "asset_price": 3194.315
    },
    {
        "price": "0.35",
        "size": "5",
        "side": "buy",
        "local_timestamp": "1765451027157",
        "timestamp": "1765451027027",
        "asset_price": 3194.315
    },
    {
        "price": "0.37",
        "size": "54.054053",
        "side": "buy",
        "local_timestamp": "1765451031349",
        "timestamp": "1765451031218",
        "asset_price": 3194.4449999999997
    },
    {
        "price": "0.38",
        "size": "5",
        "side": "buy",
        "local_timestamp": "1765451033019",
        "timestamp": "1765451032889",
        "asset_price": 3194.4449999999997
    },
    {
        "price": "0.38",
        "size": "51",
        "side": "buy",
        "local_timestamp": "1765451034125",
        "timestamp": "1765451033994",
        "asset_price": 3194.4449999999997
    },
    {
        "price": "0.38",
        "size": "10",
        "side": "buy",
        "local_timestamp": "1765451034830",
        "timestamp": "1765451034695",
        "asset_price": 3194.4449999999997
    },
    {
        "price": "0.38",
        "size": "351",
        "side": "buy",
        "local_timestamp": "1765451036375",
        "timestamp": "1765451036245",
        "asset_price": 3194.4449999999997
    },
    {
        "price": "0.38",
        "size": "51",
        "side": "sell",
        "local_timestamp": "1765451040724",
        "timestamp": "1765451040593",
        "asset_price": 3194.715
    },
    {
        "price": "0.39",
        "size": "5",
        "side": "buy",
        "local_timestamp": "1765451042357",
        "timestamp": "1765451042226",
        "asset_price": 3195.2349999999997
    },
    {
        "price": "0.44",
        "size": "5",
        "side": "buy",
        "local_timestamp": "1765451043515",
        "timestamp": "1765451043385",
        "asset_price": 3195.2349999999997
    },
    {
        "price": "0.45",
        "size": "51",
        "side": "buy",
        "local_timestamp": "1765451044310",
        "timestamp": "1765451044180",
        "asset_price": 3195.4449999999997
    },
    {
        "price": "0.44",
        "size": "28",
        "side": "buy",
        "local_timestamp": "1765451044591",
        "timestamp": "1765451044456",
        "asset_price": 3195.4449999999997
    },
    {
        "price": "0.43",
        "size": "14.96",
        "side": "buy",
        "local_timestamp": "1765451046587",
        "timestamp": "1765451046441",
        "asset_price": 3195.585
    },
    {
        "price": "0.47",
        "size": "16",
        "side": "buy",
        "local_timestamp": "1765451048496",
        "timestamp": "1765451048366",
        "asset_price": 3195.795
    },
    {
        "price": "0.46",
        "size": "5",
        "side": "buy",
        "local_timestamp": "1765451048503",
        "timestamp": "1765451048373",
        "asset_price": 3195.795
    },
    {
        "price": "0.47",
        "size": "10",
        "side": "buy",
        "local_timestamp": "1765451059233",
        "timestamp": "1765451058377",
        "asset_price": 3195.835
    },
    {
        "price": "0.46",
        "size": "2",
        "side": "sell",
        "local_timestamp": "1765451059245",
        "timestamp": "1765451058942",
        "asset_price": 3195.835
    },
    {
        "price": "0.46",
        "size": "100",
        "side": "sell",
        "local_timestamp": "1765451060212",
        "timestamp": "1765451060081",
        "asset_price": 3195.885
    },
    {
        "price": "0.45",
        "size": "50",
        "side": "sell",
        "local_timestamp": "1765451072052",
        "timestamp": "1765451071758",
        "asset_price": 3195.885
    },
    {
        "price": "0.46",
        "size": "5",
        "side": "buy",
        "local_timestamp": "1765451073257",
        "timestamp": "1765451073125",
        "asset_price": 3195.885
    },
    {
        "price": "0.46",
        "size": "51.063828",
        "side": "buy",
        "local_timestamp": "1765451076760",
        "timestamp": "1765451076630",
        "asset_price": 3195.885
    },
    {
        "price": "0.47",
        "size": "5",
        "side": "buy",
        "local_timestamp": "1765451077184",
        "timestamp": "1765451077051",
        "asset_price": 3195.885
    },
    {
        "price": "0.48",
        "size": "5",
        "side": "buy",
        "local_timestamp": "1765451081091",
        "timestamp": "1765451080961",
        "asset_price": 3195.885
    },
    {
        "price": "0.49",
        "size": "5",
        "side": "buy",
        "local_timestamp": "1765451084965",
        "timestamp": "1765451084831",
        "asset_price": 3196.105
    },
    {
        "price": "0.49",
        "size": "52",
        "side": "sell",
        "local_timestamp": "1765451086204",
        "timestamp": "1765451086072",
        "asset_price": 3196.425
    },
    {
        "price": "0.52",
        "size": "176.52",
        "side": "buy",
        "local_timestamp": "1765451086644",
        "timestamp": "1765451086513",
        "asset_price": 3196.425
    },
    {
        "price": "0.53",
        "size": "236",
        "side": "buy",
        "local_timestamp": "1765451087034",
        "timestamp": "1765451086904",
        "asset_price": 3196.425
    },
    {
        "price": "0.54",
        "size": "56.11111",
        "side": "buy",
        "local_timestamp": "1765451089935",
        "timestamp": "1765451089804",
        "asset_price": 3196.755
    },
    {
        "price": "0.53",
        "size": "7.792451",
        "side": "buy",
        "local_timestamp": "1765451090407",
        "timestamp": "1765451090267",
        "asset_price": 3196.755
    },
    {
        "price": "0.53",
        "size": "20.2",
        "side": "buy",
        "local_timestamp": "1765451090860",
        "timestamp": "1765451090728",
        "asset_price": 3196.755
    },
    {
        "price": "0.54",
        "size": "77.46296",
        "side": "buy",
        "local_timestamp": "1765451093125",
        "timestamp": "1765451092995",
        "asset_price": 3196.755
    },
    {
        "price": "0.59",
        "size": "110",
        "side": "buy",
        "local_timestamp": "1765451101041",
        "timestamp": "1765451100909",
        "asset_price": 3197.505
    },
    {
        "price": "0.6",
        "size": "55",
        "side": "buy",
        "local_timestamp": "1765451101049",
        "timestamp": "1765451100920",
        "asset_price": 3197.505
    },
    {
        "price": "0.61",
        "size": "16",
        "side": "buy",
        "local_timestamp": "1765451101073",
        "timestamp": "1765451100941",
        "asset_price": 3197.505
    },
    {
        "price": "0.6",
        "size": "5",
        "side": "sell",
        "local_timestamp": "1765451103000",
        "timestamp": "1765451102870",
        "asset_price": 3197.505
    },
    {
        "price": "0.61",
        "size": "5",
        "side": "buy",
        "local_timestamp": "1765451103775",
        "timestamp": "1765451103645",
        "asset_price": 3197.505
    },
    {
        "price": "0.67",
        "size": "5",
        "side": "buy",
        "local_timestamp": "1765451107741",
        "timestamp": "1765451107607",
        "asset_price": 3198.325
    },
    {
        "price": "0.68",
        "size": "500",
        "side": "buy",
        "local_timestamp": "1765451107786",
        "timestamp": "1765451107656",
        "asset_price": 3198.325
    },
    {
        "price": "0.69",
        "size": "2",
        "side": "sell",
        "local_timestamp": "1765451109741",
        "timestamp": "1765451109604",
        "asset_price": 3199.085
    },
    {
        "price": "0.73",
        "size": "50",
        "side": "buy",
        "local_timestamp": "1765451110246",
        "timestamp": "1765451110115",
        "asset_price": 3199.085
    },
    {
        "price": "0.72",
        "size": "10",
        "side": "sell",
        "local_timestamp": "1765451110386",
        "timestamp": "1765451110256",
        "asset_price": 3199.085
    },
    {
        "price": "0.74",
        "size": "9.93243",
        "side": "buy",
        "local_timestamp": "1765451111793",
        "timestamp": "1765451111661",
        "asset_price": 3199.495
    },
    {
        "price": "0.76",
        "size": "5",
        "side": "sell",
        "local_timestamp": "1765451114090",
        "timestamp": "1765451112831",
        "asset_price": 3199.535
    },
    {
        "price": "0.77",
        "size": "104",
        "side": "buy",
        "local_timestamp": "1765451114104",
        "timestamp": "1765451113406",
        "asset_price": 3199.535
    },
    {
        "price": "0.76",
        "size": "4",
        "side": "sell",
        "local_timestamp": "1765451117593",
        "timestamp": "1765451117461",
        "asset_price": 3199.635
    },
    {
        "price": "0.76",
        "size": "11.28",
        "side": "sell",
        "local_timestamp": "1765451120650",
        "timestamp": "1765451120519",
        "asset_price": 3199.955
    },
    {
        "price": "0.77",
        "size": "14",
        "side": "buy",
        "local_timestamp": "1765451121318",
        "timestamp": "1765451121187",
        "asset_price": 3199.955
    },
    {
        "price": "0.76",
        "size": "1.47",
        "side": "sell",
        "local_timestamp": "1765451122088",
        "timestamp": "1765451121957",
        "asset_price": 3199.715
    },
    {
        "price": "0.74",
        "size": "5",
        "side": "buy",
        "local_timestamp": "1765451123117",
        "timestamp": "1765451122986",
        "asset_price": 3199.385
    },
    {
        "price": "0.73",
        "size": "27.397259",
        "side": "buy",
        "local_timestamp": "1765451124132",
        "timestamp": "1765451124001",
        "asset_price": 3199.225
    },
    {
        "price": "0.71",
        "size": "7",
        "side": "buy",
        "local_timestamp": "1765451125725",
        "timestamp": "1765451125595",
        "asset_price": 3198.725
    },
    {
        "price": "0.65",
        "size": "5",
        "side": "buy",
        "local_timestamp": "1765451127724",
        "timestamp": "1765451127594",
        "asset_price": 3198.0950000000003
    },
    {
        "price": "0.66",
        "size": "14",
        "side": "buy",
        "local_timestamp": "1765451131925",
        "timestamp": "1765451131786",
        "asset_price": 3198.0950000000003
    },
    {
        "price": "0.66",
        "size": "14",
        "side": "buy",
        "local_timestamp": "1765451131932",
        "timestamp": "1765451131794",
        "asset_price": 3198.0950000000003
    },
    {
        "price": "0.66",
        "size": "14",
        "side": "buy",
        "local_timestamp": "1765451131932",
        "timestamp": "1765451131797",
        "asset_price": 3198.0950000000003
    },
    {
        "price": "0.66",
        "size": "14",
        "side": "buy",
        "local_timestamp": "1765451131936",
        "timestamp": "1765451131802",
        "asset_price": 3198.0950000000003
    },
    {
        "price": "0.66",
        "size": "14",
        "side": "buy",
        "local_timestamp": "1765451131936",
        "timestamp": "1765451131803",
        "asset_price": 3198.0950000000003
    },
    {
        "price": "0.66",
        "size": "14",
        "side": "buy",
        "local_timestamp": "1765451131950",
        "timestamp": "1765451131814",
        "asset_price": 3198.0950000000003
    },
    {
        "price": "0.66",
        "size": "1.7",
        "side": "sell",
        "local_timestamp": "1765451134833",
        "timestamp": "1765451133900",
        "asset_price": 3198.375
    },
    {
        "price": "0.65",
        "size": "77.46",
        "side": "sell",
        "local_timestamp": "1765451142902",
        "timestamp": "1765451142769",
        "asset_price": 3198.205
    },
    {
        "price": "0.66",
        "size": "5",
        "side": "buy",
        "local_timestamp": "1765451145877",
        "timestamp": "1765451145742",
        "asset_price": 3198.215
    },
    {
        "price": "0.67",
        "size": "44",
        "side": "buy",
        "local_timestamp": "1765451150681",
        "timestamp": "1765451150547",
        "asset_price": 3198.4449999999997
    },
    {
        "price": "0.67",
        "size": "14",
        "side": "buy",
        "local_timestamp": "1765451154866",
        "timestamp": "1765451154736",
        "asset_price": 3198.535
    },
    {
        "price": "0.67",
        "size": "6",
        "side": "buy",
        "local_timestamp": "1765451154871",
        "timestamp": "1765451154739",
        "asset_price": 3198.535
    },
    {
        "price": "0.68",
        "size": "1.470587",
        "side": "buy",
        "local_timestamp": "1765451159851",
        "timestamp": "1765451159721",
        "asset_price": 3198.535
    },
    {
        "price": "0.67",
        "size": "11.76",
        "side": "buy",
        "local_timestamp": "1765451163230",
        "timestamp": "1765451163099",
        "asset_price": 3198.225
    },
    {
        "price": "0.66",
        "size": "20",
        "side": "buy",
        "local_timestamp": "1765451164881",
        "timestamp": "1765451164749",
        "asset_price": 3198.795
    },
    {
        "price": "0.68",
        "size": "7.35",
        "side": "buy",
        "local_timestamp": "1765451169208",
        "timestamp": "1765451169078",
        "asset_price": 3198.225
    },
    {
        "price": "0.68",
        "size": "19.220587",
        "side": "buy",
        "local_timestamp": "1765451170982",
        "timestamp": "1765451170852",
        "asset_price": 3198.225
    },
    {
        "price": "0.66",
        "size": "7",
        "side": "sell",
        "local_timestamp": "1765451172649",
        "timestamp": "1765451172516",
        "asset_price": 3198.225
    },
    {
        "price": "0.65",
        "size": "262.92",
        "side": "buy",
        "local_timestamp": "1765451173623",
        "timestamp": "1765451173491",
        "asset_price": 3198.225
    },
    {
        "price": "0.7",
        "size": "5",
        "side": "buy",
        "local_timestamp": "1765451177765",
        "timestamp": "1765451177633",
        "asset_price": 3198.685
    },
    {
        "price": "0.7",
        "size": "10",
        "side": "sell",
        "local_timestamp": "1765451178362",
        "timestamp": "1765451178231",
        "asset_price": 3198.685
    },
    {
        "price": "0.7",
        "size": "10",
        "side": "sell",
        "local_timestamp": "1765451179032",
        "timestamp": "1765451178901",
        "asset_price": 3198.685
    },
    {
        "price": "0.7",
        "size": "10",
        "side": "sell",
        "local_timestamp": "1765451179253",
        "timestamp": "1765451179112",
        "asset_price": 3198.685
    },
    {
        "price": "0.7",
        "size": "10",
        "side": "sell",
        "local_timestamp": "1765451179678",
        "timestamp": "1765451179547",
        "asset_price": 3198.685
    },
    {
        "price": "0.7",
        "size": "10",
        "side": "sell",
        "local_timestamp": "1765451180188",
        "timestamp": "1765451179763",
        "asset_price": 3198.685
    },
    {
        "price": "0.73",
        "size": "10",
        "side": "sell",
        "local_timestamp": "1765451183973",
        "timestamp": "1765451183841",
        "asset_price": 3199.335
    },
    {
        "price": "0.73",
        "size": "10",
        "side": "sell",
        "local_timestamp": "1765451184008",
        "timestamp": "1765451183877",
        "asset_price": 3199.335
    },
    {
        "price": "0.74",
        "size": "10",
        "side": "buy",
        "local_timestamp": "1765451184297",
        "timestamp": "1765451184165",
        "asset_price": 3199.275
    },
    {
        "price": "0.74",
        "size": "68",
        "side": "buy",
        "local_timestamp": "1765451184315",
        "timestamp": "1765451184183",
        "asset_price": 3199.275
    },
    {
        "price": "0.75",
        "size": "201.92",
        "side": "buy",
        "local_timestamp": "1765451184415",
        "timestamp": "1765451184285",
        "asset_price": 3199.275
    },
    {
        "price": "0.75",
        "size": "138",
        "side": "buy",
        "local_timestamp": "1765451184525",
        "timestamp": "1765451184394",
        "asset_price": 3199.225
    },
    {
        "price": "0.73",
        "size": "10",
        "side": "sell",
        "local_timestamp": "1765451184622",
        "timestamp": "1765451184489",
        "asset_price": 3199.225
    },
    {
        "price": "0.74",
        "size": "10",
        "side": "sell",
        "local_timestamp": "1765451185266",
        "timestamp": "1765451185136",
        "asset_price": 3199.225
    },
    {
        "price": "0.73",
        "size": "10",
        "side": "sell",
        "local_timestamp": "1765451186547",
        "timestamp": "1765451186415",
        "asset_price": 3199.225
    },
    {
        "price": "0.74",
        "size": "10",
        "side": "sell",
        "local_timestamp": "1765451187250",
        "timestamp": "1765451187118",
        "asset_price": 3199.545
    },
    {
        "price": "0.77",
        "size": "3.246752",
        "side": "buy",
        "local_timestamp": "1765451188916",
        "timestamp": "1765451188785",
        "asset_price": 3199.545
    },
    {
        "price": "0.78",
        "size": "64.551281",
        "side": "buy",
        "local_timestamp": "1765451190778",
        "timestamp": "1765451190647",
        "asset_price": 3199.545
    },
    {
        "price": "0.76",
        "size": "14",
        "side": "buy",
        "local_timestamp": "1765451201893",
        "timestamp": "1765451201760",
        "asset_price": 3199.475
    },
    {
        "price": "0.76",
        "size": "2",
        "side": "buy",
        "local_timestamp": "1765451201900",
        "timestamp": "1765451201770",
        "asset_price": 3199.475
    },
    {
        "price": "0.77",
        "size": "14",
        "side": "buy",
        "local_timestamp": "1765451203501",
        "timestamp": "1765451202378",
        "asset_price": 3199.475
    },
    {
        "price": "0.78",
        "size": "14",
        "side": "buy",
        "local_timestamp": "1765451203501",
        "timestamp": "1765451202401",
        "asset_price": 3199.475
    },
    {
        "price": "0.78",
        "size": "38",
        "side": "sell",
        "local_timestamp": "1765451203510",
        "timestamp": "1765451203048",
        "asset_price": 3199.545
    },
    {
        "price": "0.78",
        "size": "68.92",
        "side": "buy",
        "local_timestamp": "1765451206452",
        "timestamp": "1765451206322",
        "asset_price": 3199.545
    },
    {
        "price": "0.82",
        "size": "2",
        "side": "sell",
        "local_timestamp": "1765451224489",
        "timestamp": "1765451224356",
        "asset_price": 3200.225
    },
    {
        "price": "0.85",
        "size": "115",
        "side": "buy",
        "local_timestamp": "1765451228299",
        "timestamp": "1765451228158",
        "asset_price": 3202.135
    },
    {
        "price": "0.88",
        "size": "18.92",
        "side": "buy",
        "local_timestamp": "1765451228863",
        "timestamp": "1765451228731",
        "asset_price": 3202.135
    },
    {
        "price": "0.9",
        "size": "7",
        "side": "buy",
        "local_timestamp": "1765451229192",
        "timestamp": "1765451229061",
        "asset_price": 3201.9049999999997
    },
    {
        "price": "0.9",
        "size": "20",
        "side": "buy",
        "local_timestamp": "1765451229794",
        "timestamp": "1765451229658",
        "asset_price": 3202.1949999999997
    },
    {
        "price": "0.89",
        "size": "5.55",
        "side": "buy",
        "local_timestamp": "1765451229862",
        "timestamp": "1765451229724",
        "asset_price": 3202.1949999999997
    },
    {
        "price": "0.91",
        "size": "64.55",
        "side": "sell",
        "local_timestamp": "1765451230635",
        "timestamp": "1765451230505",
        "asset_price": 3202.435
    },
    {
        "price": "0.92",
        "size": "10",
        "side": "buy",
        "local_timestamp": "1765451231134",
        "timestamp": "1765451231003",
        "asset_price": 3202.575
    },
    {
        "price": "0.92",
        "size": "5.43",
        "side": "buy",
        "local_timestamp": "1765451231306",
        "timestamp": "1765451231168",
        "asset_price": 3202.575
    },
    {
        "price": "0.9",
        "size": "7",
        "side": "sell",
        "local_timestamp": "1765451233101",
        "timestamp": "1765451232968",
        "asset_price": 3202.4449999999997
    },
    {
        "price": "0.89",
        "size": "1.393257",
        "side": "buy",
        "local_timestamp": "1765451238206",
        "timestamp": "1765451238075",
        "asset_price": 3201.835
    },
    {
        "price": "0.88",
        "size": "5.204544",
        "side": "buy",
        "local_timestamp": "1765451239618",
        "timestamp": "1765451239488",
        "asset_price": 3201.715
    },
    {
        "price": "0.88",
        "size": "5",
        "side": "buy",
        "local_timestamp": "1765451241063",
        "timestamp": "1765451240933",
        "asset_price": 3201.705
    },
    {
        "price": "0.89",
        "size": "2.1573",
        "side": "buy",
        "local_timestamp": "1765451246539",
        "timestamp": "1765451246409",
        "asset_price": 3201.745
    },
    {
        "price": "0.88",
        "size": "0.3",
        "side": "sell",
        "local_timestamp": "1765451248416",
        "timestamp": "1765451248286",
        "asset_price": 3201.745
    },
    {
        "price": "0.9",
        "size": "3.24",
        "side": "sell",
        "local_timestamp": "1765451258288",
        "timestamp": "1765451258157",
        "asset_price": 3202.115
    },
    {
        "price": "0.9",
        "size": "10",
        "side": "sell",
        "local_timestamp": "1765451258758",
        "timestamp": "1765451258628",
        "asset_price": 3202.115
    },
    {
        "price": "0.9",
        "size": "2.76",
        "side": "sell",
        "local_timestamp": "1765451258825",
        "timestamp": "1765451258693",
        "asset_price": 3202.115
    },
    {
        "price": "0.88",
        "size": "5",
        "side": "sell",
        "local_timestamp": "1765451268923",
        "timestamp": "1765451268792",
        "asset_price": 3201.025
    },
    {
        "price": "0.87",
        "size": "7",
        "side": "sell",
        "local_timestamp": "1765451268940",
        "timestamp": "1765451268809",
        "asset_price": 3201.025
    },
    {
        "price": "0.86",
        "size": "7",
        "side": "sell",
        "local_timestamp": "1765451269059",
        "timestamp": "1765451268929",
        "asset_price": 3201.025
    },
    {
        "price": "0.85",
        "size": "5",
        "side": "buy",
        "local_timestamp": "1765451273196",
        "timestamp": "1765451273066",
        "asset_price": 3200.865
    },
    {
        "price": "0.85",
        "size": "1.176466",
        "side": "buy",
        "local_timestamp": "1765451274523",
        "timestamp": "1765451274393",
        "asset_price": 3200.785
    },
    {
        "price": "0.84",
        "size": "30",
        "side": "sell",
        "local_timestamp": "1765451280022",
        "timestamp": "1765451279898",
        "asset_price": 3200.775
    },
    {
        "price": "0.87",
        "size": "7.5",
        "side": "buy",
        "local_timestamp": "1765451282965",
        "timestamp": "1765451282840",
        "asset_price": 3201.145
    },
    {
        "price": "0.86",
        "size": "10",
        "side": "sell",
        "local_timestamp": "1765451283354",
        "timestamp": "1765451283230",
        "asset_price": 3201.145
    },
    {
        "price": "0.86",
        "size": "75.862067",
        "side": "buy",
        "local_timestamp": "1765451286243",
        "timestamp": "1765451286119",
        "asset_price": 3201.145
    },
    {
        "price": "0.82",
        "size": "5",
        "side": "buy",
        "local_timestamp": "1765451287683",
        "timestamp": "1765451287559",
        "asset_price": 3200.225
    },
    {
        "price": "0.82",
        "size": "50",
        "side": "buy",
        "local_timestamp": "1765451288050",
        "timestamp": "1765451287926",
        "asset_price": 3200.225
    },
    {
        "price": "0.81",
        "size": "6",
        "side": "sell",
        "local_timestamp": "1765451290559",
        "timestamp": "1765451290433",
        "asset_price": 3199.495
    },
    {
        "price": "0.8",
        "size": "8",
        "side": "sell",
        "local_timestamp": "1765451291031",
        "timestamp": "1765451290907",
        "asset_price": 3199.495
    },
    {
        "price": "0.79",
        "size": "30",
        "side": "sell",
        "local_timestamp": "1765451293956",
        "timestamp": "1765451293831",
        "asset_price": 3199.425
    },
    {
        "price": "0.76",
        "size": "5",
        "side": "buy",
        "local_timestamp": "1765451295006",
        "timestamp": "1765451294878",
        "asset_price": 3199.425
    },
    {
        "price": "0.76",
        "size": "5",
        "side": "sell",
        "local_timestamp": "1765451305469",
        "timestamp": "1765451305341",
        "asset_price": 3199.355
    },
    {
        "price": "0.74",
        "size": "15.554053",
        "side": "buy",
        "local_timestamp": "1765451308760",
        "timestamp": "1765451308636",
        "asset_price": 3198.675
    },
    {
        "price": "0.72",
        "size": "90",
        "side": "buy",
        "local_timestamp": "1765451309004",
        "timestamp": "1765451308879",
        "asset_price": 3198.675
    },
    {
        "price": "0.69",
        "size": "5",
        "side": "buy",
        "local_timestamp": "1765451310997",
        "timestamp": "1765451310872",
        "asset_price": 3198.3450000000003
    },
    {
        "price": "0.69",
        "size": "5",
        "side": "buy",
        "local_timestamp": "1765451311269",
        "timestamp": "1765451311141",
        "asset_price": 3198.225
    },
    {
        "price": "0.67",
        "size": "10",
        "side": "buy",
        "local_timestamp": "1765451313853",
        "timestamp": "1765451311818",
        "asset_price": 3198.1549999999997
    },
    {
        "price": "0.67",
        "size": "13",
        "side": "buy",
        "local_timestamp": "1765451313855",
        "timestamp": "1765451311886",
        "asset_price": 3198.1549999999997
    },
    {
        "price": "0.67",
        "size": "13",
        "side": "buy",
        "local_timestamp": "1765451313855",
        "timestamp": "1765451311890",
        "asset_price": 3198.1549999999997
    },
    {
        "price": "0.67",
        "size": "10",
        "side": "buy",
        "local_timestamp": "1765451313858",
        "timestamp": "1765451312469",
        "asset_price": 3198.1549999999997
    },
    {
        "price": "0.66",
        "size": "10",
        "side": "buy",
        "local_timestamp": "1765451313876",
        "timestamp": "1765451313557",
        "asset_price": 3198.1549999999997
    },
    {
        "price": "0.66",
        "size": "10",
        "side": "buy",
        "local_timestamp": "1765451314192",
        "timestamp": "1765451314068",
        "asset_price": 3198.1549999999997
    },
    {
        "price": "0.65",
        "size": "20",
        "side": "sell",
        "local_timestamp": "1765451314289",
        "timestamp": "1765451314164",
        "asset_price": 3198.1549999999997
    },
    {
        "price": "0.65",
        "size": "6",
        "side": "sell",
        "local_timestamp": "1765451314296",
        "timestamp": "1765451314172",
        "asset_price": 3198.1549999999997
    },
    {
        "price": "0.66",
        "size": "10",
        "side": "buy",
        "local_timestamp": "1765451314349",
        "timestamp": "1765451314225",
        "asset_price": 3198.1549999999997
    },
    {
        "price": "0.65",
        "size": "10",
        "side": "buy",
        "local_timestamp": "1765451314871",
        "timestamp": "1765451314747",
        "asset_price": 3198.1549999999997
    },
    {
        "price": "0.65",
        "size": "10",
        "side": "buy",
        "local_timestamp": "1765451314994",
        "timestamp": "1765451314870",
        "asset_price": 3198.1549999999997
    },
    {
        "price": "0.65",
        "size": "32",
        "side": "buy",
        "local_timestamp": "1765451315095",
        "timestamp": "1765451314971",
        "asset_price": 3198.1549999999997
    },
    {
        "price": "0.65",
        "size": "5",
        "side": "buy",
        "local_timestamp": "1765451316208",
        "timestamp": "1765451316083",
        "asset_price": 3198.045
    },
    {
        "price": "0.65",
        "size": "10",
        "side": "buy",
        "local_timestamp": "1765451317710",
        "timestamp": "1765451317583",
        "asset_price": 3197.815
    },
    {
        "price": "0.65",
        "size": "10",
        "side": "buy",
        "local_timestamp": "1765451319936",
        "timestamp": "1765451319812",
        "asset_price": 3197.815
    },
    {
        "price": "0.65",
        "size": "10",
        "side": "buy",
        "local_timestamp": "1765451322823",
        "timestamp": "1765451322699",
        "asset_price": 3197.815
    },
    {
        "price": "0.62",
        "size": "3.225805",
        "side": "buy",
        "local_timestamp": "1765451324021",
        "timestamp": "1765451323897",
        "asset_price": 3197.505
    },
    {
        "price": "0.62",
        "size": "10",
        "side": "buy",
        "local_timestamp": "1765451324059",
        "timestamp": "1765451323935",
        "asset_price": 3197.275
    },
    {
        "price": "0.62",
        "size": "10",
        "side": "buy",
        "local_timestamp": "1765451324115",
        "timestamp": "1765451323991",
        "asset_price": 3197.275
    },
    {
        "price": "0.57",
        "size": "7.5",
        "side": "sell",
        "local_timestamp": "1765451324821",
        "timestamp": "1765451324697",
        "asset_price": 3197.275
    },
    {
        "price": "0.61",
        "size": "5",
        "side": "buy",
        "local_timestamp": "1765451332816",
        "timestamp": "1765451332692",
        "asset_price": 3197.275
    },
    {
        "price": "0.61",
        "size": "4.918031",
        "side": "buy",
        "local_timestamp": "1765451335111",
        "timestamp": "1765451334981",
        "asset_price": 3197.275
    },
    {
        "price": "0.61",
        "size": "3.278687",
        "side": "buy",
        "local_timestamp": "1765451345361",
        "timestamp": "1765451345236",
        "asset_price": 3197.275
    },
    {
        "price": "0.57",
        "size": "2.070174",
        "side": "buy",
        "local_timestamp": "1765451349507",
        "timestamp": "1765451347992",
        "asset_price": 3196.755
    },
    {
        "price": "0.56",
        "size": "25",
        "side": "buy",
        "local_timestamp": "1765451349528",
        "timestamp": "1765451349129",
        "asset_price": 3196.755
    },
    {
        "price": "0.58",
        "size": "32",
        "side": "sell",
        "local_timestamp": "1765451351278",
        "timestamp": "1765451351154",
        "asset_price": 3197.175
    },
    {
        "price": "0.59",
        "size": "13",
        "side": "buy",
        "local_timestamp": "1765451351554",
        "timestamp": "1765451351431",
        "asset_price": 3197.175
    },
    {
        "price": "0.59",
        "size": "3",
        "side": "buy",
        "local_timestamp": "1765451351567",
        "timestamp": "1765451351443",
        "asset_price": 3197.175
    },
    {
        "price": "0.6",
        "size": "5",
        "side": "buy",
        "local_timestamp": "1765451352628",
        "timestamp": "1765451352504",
        "asset_price": 3197.175
    },
    {
        "price": "0.58",
        "size": "15.85",
        "side": "sell",
        "local_timestamp": "1765451354817",
        "timestamp": "1765451354692",
        "asset_price": 3196.955
    },
    {
        "price": "0.56",
        "size": "5",
        "side": "buy",
        "local_timestamp": "1765451355867",
        "timestamp": "1765451355743",
        "asset_price": 3196.755
    },
    {
        "price": "0.55",
        "size": "15.272726",
        "side": "buy",
        "local_timestamp": "1765451357906",
        "timestamp": "1765451357782",
        "asset_price": 3196.755
    },
    {
        "price": "0.55",
        "size": "5",
        "side": "buy",
        "local_timestamp": "1765451359173",
        "timestamp": "1765451359049",
        "asset_price": 3196.755
    },
    {
        "price": "0.51",
        "size": "15.2",
        "side": "sell",
        "local_timestamp": "1765451361403",
        "timestamp": "1765451361279",
        "asset_price": 3195.835
    },
    {
        "price": "0.44",
        "size": "7.7",
        "side": "sell",
        "local_timestamp": "1765451361629",
        "timestamp": "1765451361505",
        "asset_price": 3195.835
    },
    {
        "price": "0.45",
        "size": "40",
        "side": "sell",
        "local_timestamp": "1765451362497",
        "timestamp": "1765451362373",
        "asset_price": 3195.835
    },
    {
        "price": "0.42",
        "size": "161",
        "side": "buy",
        "local_timestamp": "1765451365042",
        "timestamp": "1765451364916",
        "asset_price": 3195.245
    },
    {
        "price": "0.4",
        "size": "20",
        "side": "sell",
        "local_timestamp": "1765451365134",
        "timestamp": "1765451365010",
        "asset_price": 3195.245
    },
    {
        "price": "0.41",
        "size": "13",
        "side": "buy",
        "local_timestamp": "1765451365423",
        "timestamp": "1765451365299",
        "asset_price": 3195.245
    },
    {
        "price": "0.41",
        "size": "13",
        "side": "buy",
        "local_timestamp": "1765451365442",
        "timestamp": "1765451365318",
        "asset_price": 3195.245
    },
    {
        "price": "0.41",
        "size": "55",
        "side": "buy",
        "local_timestamp": "1765451365920",
        "timestamp": "1765451365787",
        "asset_price": 3195.245
    },
    {
        "price": "0.41",
        "size": "106.92",
        "side": "buy",
        "local_timestamp": "1765451366484",
        "timestamp": "1765451366358",
        "asset_price": 3195.245
    },
    {
        "price": "0.42",
        "size": "55",
        "side": "sell",
        "local_timestamp": "1765451371049",
        "timestamp": "1765451369724",
        "asset_price": 3195.245
    },
    {
        "price": "0.42",
        "size": "7.142856",
        "side": "buy",
        "local_timestamp": "1765451371326",
        "timestamp": "1765451371202",
        "asset_price": 3195.245
    },
    {
        "price": "0.42",
        "size": "5",
        "side": "buy",
        "local_timestamp": "1765451373763",
        "timestamp": "1765451373639",
        "asset_price": 3195.355
    },
    {
        "price": "0.42",
        "size": "57.619046",
        "side": "buy",
        "local_timestamp": "1765451374207",
        "timestamp": "1765451374080",
        "asset_price": 3195.355
    },
    {
        "price": "0.42",
        "size": "391.38",
        "side": "buy",
        "local_timestamp": "1765451374654",
        "timestamp": "1765451374530",
        "asset_price": 3195.355
    },
    {
        "price": "0.44",
        "size": "22.727271",
        "side": "buy",
        "local_timestamp": "1765451377457",
        "timestamp": "1765451377333",
        "asset_price": 3195.475
    },
    {
        "price": "0.54",
        "size": "78",
        "side": "buy",
        "local_timestamp": "1765451385186",
        "timestamp": "1765451385062",
        "asset_price": 3196.6949999999997
    },
    {
        "price": "0.5",
        "size": "58",
        "side": "sell",
        "local_timestamp": "1765451388087",
        "timestamp": "1765451387963",
        "asset_price": 3196.125
    },
    {
        "price": "0.49",
        "size": "20",
        "side": "sell",
        "local_timestamp": "1765451388751",
        "timestamp": "1765451388616",
        "asset_price": 3196.275
    },
    {
        "price": "0.51",
        "size": "1.960783",
        "side": "buy",
        "local_timestamp": "1765451390375",
        "timestamp": "1765451390251",
        "asset_price": 3196.275
    },
    {
        "price": "0.49",
        "size": "5.102039",
        "side": "buy",
        "local_timestamp": "1765451392987",
        "timestamp": "1765451392863",
        "asset_price": 3196.105
    },
    {
        "price": "0.47",
        "size": "5",
        "side": "buy",
        "local_timestamp": "1765451393673",
        "timestamp": "1765451393547",
        "asset_price": 3196.105
    },
    {
        "price": "0.49",
        "size": "12",
        "side": "buy",
        "local_timestamp": "1765451395676",
        "timestamp": "1765451395552",
        "asset_price": 3196.385
    },
    {
        "price": "0.49",
        "size": "4",
        "side": "buy",
        "local_timestamp": "1765451395690",
        "timestamp": "1765451395566",
        "asset_price": 3196.385
    },
    {
        "price": "0.53",
        "size": "48",
        "side": "buy",
        "local_timestamp": "1765451398904",
        "timestamp": "1765451398780",
        "asset_price": 3196.385
    },
    {
        "price": "0.53",
        "size": "61.283017",
        "side": "buy",
        "local_timestamp": "1765451399652",
        "timestamp": "1765451399529",
        "asset_price": 3196.385
    },
    {
        "price": "0.51",
        "size": "5",
        "side": "sell",
        "local_timestamp": "1765451400023",
        "timestamp": "1765451399894",
        "asset_price": 3196.385
    },
    {
        "price": "0.41",
        "size": "7",
        "side": "sell",
        "local_timestamp": "1765451404092",
        "timestamp": "1765451402481",
        "asset_price": 3195.3050000000003
    },
    {
        "price": "0.42",
        "size": "106.92",
        "side": "buy",
        "local_timestamp": "1765451404104",
        "timestamp": "1765451403053",
        "asset_price": 3195.3050000000003
    },
    {
        "price": "0.43",
        "size": "21.6",
        "side": "buy",
        "local_timestamp": "1765451404105",
        "timestamp": "1765451403108",
        "asset_price": 3195.3050000000003
    },
    {
        "price": "0.44",
        "size": "16",
        "side": "buy",
        "local_timestamp": "1765451404106",
        "timestamp": "1765451403412",
        "asset_price": 3195.3050000000003
    },
    {
        "price": "0.45",
        "size": "44.188887",
        "side": "buy",
        "local_timestamp": "1765451404108",
        "timestamp": "1765451403722",
        "asset_price": 3195.3050000000003
    },
    {
        "price": "0.44",
        "size": "32",
        "side": "buy",
        "local_timestamp": "1765451404376",
        "timestamp": "1765451404248",
        "asset_price": 3195.395
    },
    {
        "price": "0.43",
        "size": "10",
        "side": "sell",
        "local_timestamp": "1765451404662",
        "timestamp": "1765451404537",
        "asset_price": 3195.395
    },
    {
        "price": "0.43",
        "size": "10",
        "side": "sell",
        "local_timestamp": "1765451404973",
        "timestamp": "1765451404849",
        "asset_price": 3195.395
    },
    {
        "price": "0.43",
        "size": "12",
        "side": "sell",
        "local_timestamp": "1765451404994",
        "timestamp": "1765451404870",
        "asset_price": 3195.395
    },
    {
        "price": "0.43",
        "size": "30",
        "side": "sell",
        "local_timestamp": "1765451405197",
        "timestamp": "1765451405072",
        "asset_price": 3195.395
    },
    {
        "price": "0.43",
        "size": "2.790696",
        "side": "buy",
        "local_timestamp": "1765451406092",
        "timestamp": "1765451405968",
        "asset_price": 3195.395
    },
    {
        "price": "0.43",
        "size": "12",
        "side": "buy",
        "local_timestamp": "1765451406131",
        "timestamp": "1765451406007",
        "asset_price": 3195.395
    },
    {
        "price": "0.43",
        "size": "2.790696",
        "side": "buy",
        "local_timestamp": "1765451406198",
        "timestamp": "1765451406073",
        "asset_price": 3195.395
    },
    {
        "price": "0.42",
        "size": "14",
        "side": "sell",
        "local_timestamp": "1765451407185",
        "timestamp": "1765451407058",
        "asset_price": 3195.395
    },
    {
        "price": "0.41",
        "size": "20",
        "side": "sell",
        "local_timestamp": "1765451407215",
        "timestamp": "1765451407091",
        "asset_price": 3195.395
    },
    {
        "price": "0.42",
        "size": "5.952379",
        "side": "buy",
        "local_timestamp": "1765451407585",
        "timestamp": "1765451407459",
        "asset_price": 3195.395
    },
    {
        "price": "0.43",
        "size": "14.32558",
        "side": "buy",
        "local_timestamp": "1765451407773",
        "timestamp": "1765451407624",
        "asset_price": 3195.395
    },
    {
        "price": "0.41",
        "size": "5.76",
        "side": "sell",
        "local_timestamp": "1765451410894",
        "timestamp": "1765451410766",
        "asset_price": 3195.395
    },
    {
        "price": "0.4",
        "size": "21.47",
        "side": "buy",
        "local_timestamp": "1765451412692",
        "timestamp": "1765451412568",
        "asset_price": 3195.395
    },
    {
        "price": "0.52",
        "size": "30.9",
        "side": "buy",
        "local_timestamp": "1765451421020",
        "timestamp": "1765451420895",
        "asset_price": 3196.585
    },
    {
        "price": "0.53",
        "size": "7",
        "side": "buy",
        "local_timestamp": "1765451421060",
        "timestamp": "1765451420936",
        "asset_price": 3196.585
    },
    {
        "price": "0.53",
        "size": "5.1",
        "side": "sell",
        "local_timestamp": "1765451421596",
        "timestamp": "1765451421472",
        "asset_price": 3196.6949999999997
    },
    {
        "price": "0.54",
        "size": "16",
        "side": "buy",
        "local_timestamp": "1765451421788",
        "timestamp": "1765451421664",
        "asset_price": 3196.6949999999997
    },
    {
        "price": "0.54",
        "size": "1.85185",
        "side": "buy",
        "local_timestamp": "1765451424489",
        "timestamp": "1765451424355",
        "asset_price": 3196.6949999999997
    },
    {
        "price": "0.54",
        "size": "58.14",
        "side": "buy",
        "local_timestamp": "1765451424787",
        "timestamp": "1765451424660",
        "asset_price": 3196.6949999999997
    },
    {
        "price": "0.56",
        "size": "20",
        "side": "buy",
        "local_timestamp": "1765451428559",
        "timestamp": "1765451426374",
        "asset_price": 3197.145
    },
    {
        "price": "0.57",
        "size": "20",
        "side": "buy",
        "local_timestamp": "1765451428560",
        "timestamp": "1765451426532",
        "asset_price": 3197.145
    },
    {
        "price": "0.59",
        "size": "17",
        "side": "buy",
        "local_timestamp": "1765451428560",
        "timestamp": "1765451426598",
        "asset_price": 3197.145
    },
    {
        "price": "0.58",
        "size": "1.724135",
        "side": "buy",
        "local_timestamp": "1765451430385",
        "timestamp": "1765451430260",
        "asset_price": 3197.145
    },
    {
        "price": "0.59",
        "size": "68",
        "side": "buy",
        "local_timestamp": "1765451431250",
        "timestamp": "1765451431124",
        "asset_price": 3197.145
    },
    {
        "price": "0.61",
        "size": "5",
        "side": "buy",
        "local_timestamp": "1765451434224",
        "timestamp": "1765451434099",
        "asset_price": 3197.435
    },
    {
        "price": "0.65",
        "size": "5.076922",
        "side": "buy",
        "local_timestamp": "1765451435233",
        "timestamp": "1765451435109",
        "asset_price": 3197.435
    },
    {
        "price": "0.61",
        "size": "216.62",
        "side": "buy",
        "local_timestamp": "1765451437006",
        "timestamp": "1765451436882",
        "asset_price": 3196.705
    },
    {
        "price": "0.6",
        "size": "61",
        "side": "sell",
        "local_timestamp": "1765451437341",
        "timestamp": "1765451437218",
        "asset_price": 3196.705
    },
    {
        "price": "0.61",
        "size": "106",
        "side": "buy",
        "local_timestamp": "1765451437356",
        "timestamp": "1765451437230",
        "asset_price": 3196.705
    },
    {
        "price": "0.6",
        "size": "32",
        "side": "sell",
        "local_timestamp": "1765451437414",
        "timestamp": "1765451437289",
        "asset_price": 3196.705
    },
    {
        "price": "0.61",
        "size": "41",
        "side": "buy",
        "local_timestamp": "1765451437415",
        "timestamp": "1765451437291",
        "asset_price": 3196.705
    },
    {
        "price": "0.6",
        "size": "30",
        "side": "sell",
        "local_timestamp": "1765451437437",
        "timestamp": "1765451437312",
        "asset_price": 3196.705
    },
    {
        "price": "0.58",
        "size": "16.03448",
        "side": "buy",
        "local_timestamp": "1765451438159",
        "timestamp": "1765451438031",
        "asset_price": 3196.705
    },
    {
        "price": "0.58",
        "size": "4.310342",
        "side": "buy",
        "local_timestamp": "1765451438355",
        "timestamp": "1765451438231",
        "asset_price": 3196.705
    },
    {
        "price": "0.58",
        "size": "1.724135",
        "side": "buy",
        "local_timestamp": "1765451438434",
        "timestamp": "1765451438310",
        "asset_price": 3196.705
    },
    {
        "price": "0.58",
        "size": "32",
        "side": "buy",
        "local_timestamp": "1765451438918",
        "timestamp": "1765451438791",
        "asset_price": 3196.705
    },
    {
        "price": "0.57",
        "size": "32.561402",
        "side": "buy",
        "local_timestamp": "1765451439237",
        "timestamp": "1765451439113",
        "asset_price": 3196.705
    },
    {
        "price": "0.57",
        "size": "35.087718",
        "side": "buy",
        "local_timestamp": "1765451442918",
        "timestamp": "1765451442195",
        "asset_price": 3196.705
    },
    {
        "price": "0.57",
        "size": "12",
        "side": "buy",
        "local_timestamp": "1765451442918",
        "timestamp": "1765451442219",
        "asset_price": 3196.705
    },
    {
        "price": "0.57",
        "size": "12",
        "side": "buy",
        "local_timestamp": "1765451442919",
        "timestamp": "1765451442230",
        "asset_price": 3196.705
    },
    {
        "price": "0.57",
        "size": "12",
        "side": "buy",
        "local_timestamp": "1765451442919",
        "timestamp": "1765451442233",
        "asset_price": 3196.705
    },
    {
        "price": "0.57",
        "size": "12",
        "side": "buy",
        "local_timestamp": "1765451442919",
        "timestamp": "1765451442239",
        "asset_price": 3196.705
    },
    {
        "price": "0.57",
        "size": "12",
        "side": "buy",
        "local_timestamp": "1765451442919",
        "timestamp": "1765451442240",
        "asset_price": 3196.705
    },
    {
        "price": "0.57",
        "size": "12",
        "side": "buy",
        "local_timestamp": "1765451442919",
        "timestamp": "1765451442254",
        "asset_price": 3196.705
    },
    {
        "price": "0.57",
        "size": "8.771927",
        "side": "buy",
        "local_timestamp": "1765451442919",
        "timestamp": "1765451442580",
        "asset_price": 3196.705
    },
    {
        "price": "0.57",
        "size": "5",
        "side": "buy",
        "local_timestamp": "1765451443342",
        "timestamp": "1765451443196",
        "asset_price": 3196.705
    },
    {
        "price": "0.59",
        "size": "5.084743",
        "side": "buy",
        "local_timestamp": "1765451448304",
        "timestamp": "1765451448178",
        "asset_price": 3196.705
    },
    {
        "price": "0.59",
        "size": "10.91",
        "side": "buy",
        "local_timestamp": "1765451450348",
        "timestamp": "1765451450223",
        "asset_price": 3196.975
    },
    {
        "price": "0.62",
        "size": "65.919352",
        "side": "buy",
        "local_timestamp": "1765451450363",
        "timestamp": "1765451450239",
        "asset_price": 3196.975
    },
    {
        "price": "0.63",
        "size": "5.079364",
        "side": "buy",
        "local_timestamp": "1765451451096",
        "timestamp": "1765451450972",
        "asset_price": 3197.615
    },
    {
        "price": "0.66",
        "size": "15",
        "side": "buy",
        "local_timestamp": "1765451453517",
        "timestamp": "1765451453393",
        "asset_price": 3197.615
    },
    {
        "price": "0.66",
        "size": "31.26",
        "side": "buy",
        "local_timestamp": "1765451455478",
        "timestamp": "1765451455354",
        "asset_price": 3197.615
    },
    {
        "price": "0.67",
        "size": "7",
        "side": "buy",
        "local_timestamp": "1765451457683",
        "timestamp": "1765451457559",
        "asset_price": 3197.615
    },
    {
        "price": "0.72",
        "size": "5",
        "side": "sell",
        "local_timestamp": "1765451463246",
        "timestamp": "1765451463121",
        "asset_price": 3198.0550000000003
    },
    {
        "price": "0.73",
        "size": "5",
        "side": "buy",
        "local_timestamp": "1765451464176",
        "timestamp": "1765451464052",
        "asset_price": 3198.0550000000003
    },
    {
        "price": "0.72",
        "size": "8",
        "side": "sell",
        "local_timestamp": "1765451467796",
        "timestamp": "1765451467672",
        "asset_price": 3198.0550000000003
    },
    {
        "price": "0.72",
        "size": "66",
        "side": "sell",
        "local_timestamp": "1765451471835",
        "timestamp": "1765451471711",
        "asset_price": 3197.605
    },
    {
        "price": "0.69",
        "size": "6.84",
        "side": "buy",
        "local_timestamp": "1765451471905",
        "timestamp": "1765451471781",
        "asset_price": 3197.605
    },
    {
        "price": "0.66",
        "size": "28.44",
        "side": "buy",
        "local_timestamp": "1765451472600",
        "timestamp": "1765451472476",
        "asset_price": 3197.605
    },
    {
        "price": "0.67",
        "size": "34.02",
        "side": "buy",
        "local_timestamp": "1765451473852",
        "timestamp": "1765451473728",
        "asset_price": 3197.605
    },
    {
        "price": "0.65",
        "size": "32.52",
        "side": "buy",
        "local_timestamp": "1765451477796",
        "timestamp": "1765451475380",
        "asset_price": 3197.395
    },
    {
        "price": "0.66",
        "size": "30",
        "side": "buy",
        "local_timestamp": "1765451477799",
        "timestamp": "1765451476768",
        "asset_price": 3197.395
    },
    {
        "price": "0.61",
        "size": "5.163933",
        "side": "buy",
        "local_timestamp": "1765451482666",
        "timestamp": "1765451482542",
        "asset_price": 3197.245
    },
    {
        "price": "0.64",
        "size": "5.078125",
        "side": "buy",
        "local_timestamp": "1765451488797",
        "timestamp": "1765451488672",
        "asset_price": 3197.245
    },
    {
        "price": "0.62",
        "size": "8",
        "side": "sell",
        "local_timestamp": "1765451489827",
        "timestamp": "1765451489704",
        "asset_price": 3197.245
    },
    {
        "price": "0.65",
        "size": "260.84",
        "side": "buy",
        "local_timestamp": "1765451495726",
        "timestamp": "1765451495602",
        "asset_price": 3197.355
    },
    {
        "price": "0.66",
        "size": "5",
        "side": "buy",
        "local_timestamp": "1765451497942",
        "timestamp": "1765451497818",
        "asset_price": 3197.355
    },
    {
        "price": "0.65",
        "size": "32",
        "side": "sell",
        "local_timestamp": "1765451498269",
        "timestamp": "1765451498145",
        "asset_price": 3197.355
    },
    {
        "price": "0.66",
        "size": "30.303029",
        "side": "buy",
        "local_timestamp": "1765451500640",
        "timestamp": "1765451500515",
        "asset_price": 3197.355
    },
    {
        "price": "0.65",
        "size": "8.7",
        "side": "buy",
        "local_timestamp": "1765451506221",
        "timestamp": "1765451506097",
        "asset_price": 3197.245
    },
    {
        "price": "0.66",
        "size": "11",
        "side": "buy",
        "local_timestamp": "1765451506256",
        "timestamp": "1765451506131",
        "asset_price": 3197.245
    },
    {
        "price": "0.66",
        "size": "11",
        "side": "buy",
        "local_timestamp": "1765451506266",
        "timestamp": "1765451506142",
        "asset_price": 3197.245
    },
    {
        "price": "0.66",
        "size": "20",
        "side": "sell",
        "local_timestamp": "1765451506832",
        "timestamp": "1765451506708",
        "asset_price": 3197.365
    },
    {
        "price": "0.67",
        "size": "32",
        "side": "sell",
        "local_timestamp": "1765451509649",
        "timestamp": "1765451509525",
        "asset_price": 3197.365
    },
    {
        "price": "0.69",
        "size": "207.130432",
        "side": "buy",
        "local_timestamp": "1765451511119",
        "timestamp": "1765451510995",
        "asset_price": 3197.365
    },
    {
        "price": "0.66",
        "size": "44",
        "side": "sell",
        "local_timestamp": "1765451511331",
        "timestamp": "1765451511206",
        "asset_price": 3197.365
    },
    {
        "price": "0.66",
        "size": "10",
        "side": "buy",
        "local_timestamp": "1765451512254",
        "timestamp": "1765451512130",
        "asset_price": 3197.365
    },
    {
        "price": "0.65",
        "size": "33.72",
        "side": "buy",
        "local_timestamp": "1765451512927",
        "timestamp": "1765451512799",
        "asset_price": 3197.365
    },
    {
        "price": "0.66",
        "size": "31.62",
        "side": "buy",
        "local_timestamp": "1765451513062",
        "timestamp": "1765451512937",
        "asset_price": 3197.365
    },
    {
        "price": "0.64",
        "size": "36.84",
        "side": "buy",
        "local_timestamp": "1765451513260",
        "timestamp": "1765451513136",
        "asset_price": 3197.365
    },
    {
        "price": "0.64",
        "size": "46.875",
        "side": "buy",
        "local_timestamp": "1765451513279",
        "timestamp": "1765451513156",
        "asset_price": 3197.365
    },
    {
        "price": "0.64",
        "size": "5.3125",
        "side": "buy",
        "local_timestamp": "1765451513594",
        "timestamp": "1765451513470",
        "asset_price": 3197.365
    },
    {
        "price": "0.64",
        "size": "14.92",
        "side": "sell",
        "local_timestamp": "1765451517897",
        "timestamp": "1765451517773",
        "asset_price": 3197.245
    },
    {
        "price": "0.65",
        "size": "5",
        "side": "buy",
        "local_timestamp": "1765451519095",
        "timestamp": "1765451518971",
        "asset_price": 3197.245
    },
    {
        "price": "0.53",
        "size": "42.9",
        "side": "buy",
        "local_timestamp": "1765451524576",
        "timestamp": "1765451523246",
        "asset_price": 3196.415
    },
    {
        "price": "0.52",
        "size": "34.5",
        "side": "buy",
        "local_timestamp": "1765451524582",
        "timestamp": "1765451523726",
        "asset_price": 3196.415
    },
    {
        "price": "0.53",
        "size": "137.92",
        "side": "buy",
        "local_timestamp": "1765451524717",
        "timestamp": "1765451524593",
        "asset_price": 3196.415
    },
    {
        "price": "0.47",
        "size": "83",
        "side": "sell",
        "local_timestamp": "1765451527222",
        "timestamp": "1765451527098",
        "asset_price": 3196.0950000000003
    },
    {
        "price": "0.47",
        "size": "32",
        "side": "sell",
        "local_timestamp": "1765451531217",
        "timestamp": "1765451531093",
        "asset_price": 3196.0950000000003
    },
    {
        "price": "0.5",
        "size": "6",
        "side": "buy",
        "local_timestamp": "1765451531335",
        "timestamp": "1765451531211",
        "asset_price": 3196.0950000000003
    },
    {
        "price": "0.5",
        "size": "66",
        "side": "buy",
        "local_timestamp": "1765451538061",
        "timestamp": "1765451537936",
        "asset_price": 3196.0950000000003
    },
    {
        "price": "0.5",
        "size": "12",
        "side": "buy",
        "local_timestamp": "1765451540564",
        "timestamp": "1765451540438",
        "asset_price": 3196.0950000000003
    },
    {
        "price": "0.5",
        "size": "12",
        "side": "buy",
        "local_timestamp": "1765451541178",
        "timestamp": "1765451541055",
        "asset_price": 3196.0950000000003
    },
    {
        "price": "0.5",
        "size": "12",
        "side": "buy",
        "local_timestamp": "1765451541805",
        "timestamp": "1765451541681",
        "asset_price": 3196.0950000000003
    },
    {
        "price": "0.5",
        "size": "12",
        "side": "buy",
        "local_timestamp": "1765451542427",
        "timestamp": "1765451542303",
        "asset_price": 3196.0950000000003
    },
    {
        "price": "0.5",
        "size": "2",
        "side": "buy",
        "local_timestamp": "1765451542945",
        "timestamp": "1765451542821",
        "asset_price": 3196.0950000000003
    },
    {
        "price": "0.5",
        "size": "12",
        "side": "buy",
        "local_timestamp": "1765451543045",
        "timestamp": "1765451542921",
        "asset_price": 3196.0950000000003
    },
    {
        "price": "0.5",
        "size": "12",
        "side": "buy",
        "local_timestamp": "1765451546078",
        "timestamp": "1765451543543",
        "asset_price": 3196.0950000000003
    },
    {
        "price": "0.6",
        "size": "26.166665",
        "side": "buy",
        "local_timestamp": "1765451546148",
        "timestamp": "1765451545555",
        "asset_price": 3196.795
    },
    {
        "price": "0.6",
        "size": "33.83",
        "side": "buy",
        "local_timestamp": "1765451546153",
        "timestamp": "1765451545702",
        "asset_price": 3196.795
    },
    {
        "price": "0.61",
        "size": "10",
        "side": "buy",
        "local_timestamp": "1765451546153",
        "timestamp": "1765451545709",
        "asset_price": 3196.795
    },
    {
        "price": "0.6",
        "size": "10",
        "side": "buy",
        "local_timestamp": "1765451546277",
        "timestamp": "1765451546153",
        "asset_price": 3196.795
    },
    {
        "price": "0.55",
        "size": "25",
        "side": "sell",
        "local_timestamp": "1765451546946",
        "timestamp": "1765451546822",
        "asset_price": 3196.795
    },
    {
        "price": "0.59",
        "size": "4.237287",
        "side": "buy",
        "local_timestamp": "1765451546984",
        "timestamp": "1765451546857",
        "asset_price": 3196.795
    },
    {
        "price": "0.58",
        "size": "5",
        "side": "buy",
        "local_timestamp": "1765451548139",
        "timestamp": "1765451548013",
        "asset_price": 3196.795
    },
    {
        "price": "0.58",
        "size": "11",
        "side": "buy",
        "local_timestamp": "1765451549031",
        "timestamp": "1765451548907",
        "asset_price": 3196.795
    },
    {
        "price": "0.58",
        "size": "25.603447",
        "side": "buy",
        "local_timestamp": "1765451549609",
        "timestamp": "1765451549484",
        "asset_price": 3196.795
    },
    {
        "price": "0.58",
        "size": "11",
        "side": "buy",
        "local_timestamp": "1765451550352",
        "timestamp": "1765451550226",
        "asset_price": 3196.795
    },
    {
        "price": "0.56",
        "size": "20",
        "side": "buy",
        "local_timestamp": "1765451551252",
        "timestamp": "1765451551128",
        "asset_price": 3196.685
    },
    {
        "price": "0.57",
        "size": "367.92",
        "side": "buy",
        "local_timestamp": "1765451551717",
        "timestamp": "1765451551593",
        "asset_price": 3196.685
    },
    {
        "price": "0.57",
        "size": "17.413792",
        "side": "buy",
        "local_timestamp": "1765451554661",
        "timestamp": "1765451554533",
        "asset_price": 3196.685
    },
    {
        "price": "0.59",
        "size": "8",
        "side": "buy",
        "local_timestamp": "1765451559681",
        "timestamp": "1765451559557",
        "asset_price": 3196.685
    },
    {
        "price": "0.59",
        "size": "8",
        "side": "buy",
        "local_timestamp": "1765451559854",
        "timestamp": "1765451559730",
        "asset_price": 3196.685
    },
    {
        "price": "0.59",
        "size": "8",
        "side": "sell",
        "local_timestamp": "1765451560386",
        "timestamp": "1765451560262",
        "asset_price": 3196.685
    },
    {
        "price": "0.57",
        "size": "41",
        "side": "buy",
        "local_timestamp": "1765451562790",
        "timestamp": "1765451562666",
        "asset_price": 3196.685
    },
    {
        "price": "0.56",
        "size": "20",
        "side": "sell",
        "local_timestamp": "1765451562880",
        "timestamp": "1765451562755",
        "asset_price": 3196.685
    },
    {
        "price": "0.56",
        "size": "106.92",
        "side": "sell",
        "local_timestamp": "1765451562909",
        "timestamp": "1765451562785",
        "asset_price": 3196.685
    },
    {
        "price": "0.58",
        "size": "32",
        "side": "buy",
        "local_timestamp": "1765451568614",
        "timestamp": "1765451568489",
        "asset_price": 3196.685
    },
    {
        "price": "0.58",
        "size": "32",
        "side": "buy",
        "local_timestamp": "1765451568924",
        "timestamp": "1765451568801",
        "asset_price": 3196.685
    },
    {
        "price": "0.57",
        "size": "5",
        "side": "buy",
        "local_timestamp": "1765451571504",
        "timestamp": "1765451571381",
        "asset_price": 3196.425
    },
    {
        "price": "0.55",
        "size": "67",
        "side": "sell",
        "local_timestamp": "1765451571531",
        "timestamp": "1765451571408",
        "asset_price": 3196.425
    },
    {
        "price": "0.54",
        "size": "7",
        "side": "sell",
        "local_timestamp": "1765451572036",
        "timestamp": "1765451571912",
        "asset_price": 3196.425
    },
    {
        "price": "0.54",
        "size": "32",
        "side": "buy",
        "local_timestamp": "1765451573233",
        "timestamp": "1765451573110",
        "asset_price": 3196.425
    },
    {
        "price": "0.54",
        "size": "205.92",
        "side": "buy",
        "local_timestamp": "1765451573250",
        "timestamp": "1765451573126",
        "asset_price": 3196.425
    },
    {
        "price": "0.55",
        "size": "181",
        "side": "buy",
        "local_timestamp": "1765451573252",
        "timestamp": "1765451573127",
        "asset_price": 3196.425
    },
    {
        "price": "0.56",
        "size": "1.785713",
        "side": "buy",
        "local_timestamp": "1765451574269",
        "timestamp": "1765451574145",
        "asset_price": 3196.5150000000003
    },
    {
        "price": "0.56",
        "size": "10",
        "side": "buy",
        "local_timestamp": "1765451574858",
        "timestamp": "1765451574734",
        "asset_price": 3196.5150000000003
    },
    {
        "price": "0.57",
        "size": "10",
        "side": "buy",
        "local_timestamp": "1765451574971",
        "timestamp": "1765451574847",
        "asset_price": 3196.5150000000003
    },
    {
        "price": "0.57",
        "size": "10",
        "side": "buy",
        "local_timestamp": "1765451574976",
        "timestamp": "1765451574852",
        "asset_price": 3196.5150000000003
    },
    {
        "price": "0.57",
        "size": "10",
        "side": "buy",
        "local_timestamp": "1765451574977",
        "timestamp": "1765451574853",
        "asset_price": 3196.5150000000003
    },
    {
        "price": "0.57",
        "size": "10",
        "side": "buy",
        "local_timestamp": "1765451574992",
        "timestamp": "1765451574867",
        "asset_price": 3196.5150000000003
    },
    {
        "price": "0.57",
        "size": "72.456139",
        "side": "buy",
        "local_timestamp": "1765451575171",
        "timestamp": "1765451575047",
        "asset_price": 3196.795
    },
    {
        "price": "0.58",
        "size": "57.982757",
        "side": "buy",
        "local_timestamp": "1765451575470",
        "timestamp": "1765451575346",
        "asset_price": 3196.935
    },
    {
        "price": "0.6",
        "size": "5",
        "side": "buy",
        "local_timestamp": "1765451576684",
        "timestamp": "1765451575710",
        "asset_price": 3196.935
    },
    {
        "price": "0.62",
        "size": "34",
        "side": "buy",
        "local_timestamp": "1765451576685",
        "timestamp": "1765451575734",
        "asset_price": 3196.935
    },
    {
        "price": "0.65",
        "size": "44",
        "side": "buy",
        "local_timestamp": "1765451576686",
        "timestamp": "1765451576058",
        "asset_price": 3196.935
    },
    {
        "price": "0.66",
        "size": "5",
        "side": "buy",
        "local_timestamp": "1765451576703",
        "timestamp": "1765451576391",
        "asset_price": 3197.295
    },
    {
        "price": "0.68",
        "size": "5",
        "side": "buy",
        "local_timestamp": "1765451577065",
        "timestamp": "1765451576941",
        "asset_price": 3197.295
    },
    {
        "price": "0.67",
        "size": "6",
        "side": "sell",
        "local_timestamp": "1765451577093",
        "timestamp": "1765451576967",
        "asset_price": 3197.295
    },
    {
        "price": "0.7",
        "size": "10",
        "side": "buy",
        "local_timestamp": "1765451577108",
        "timestamp": "1765451576984",
        "asset_price": 3197.295
    },
    {
        "price": "0.71",
        "size": "50",
        "side": "buy",
        "local_timestamp": "1765451577160",
        "timestamp": "1765451577031",
        "asset_price": 3197.295
    },
    {
        "price": "0.72",
        "size": "100",
        "side": "buy",
        "local_timestamp": "1765451578812",
        "timestamp": "1765451578688",
        "asset_price": 3197.3050000000003
    },
    {
        "price": "0.7",
        "size": "35.08",
        "side": "sell",
        "local_timestamp": "1765451582541",
        "timestamp": "1765451582416",
        "asset_price": 3197.3050000000003
    },
    {
        "price": "0.72",
        "size": "30.18",
        "side": "buy",
        "local_timestamp": "1765451582937",
        "timestamp": "1765451582812",
        "asset_price": 3196.825
    },
    {
        "price": "0.61",
        "size": "32.786884",
        "side": "buy",
        "local_timestamp": "1765451583980",
        "timestamp": "1765451583856",
        "asset_price": 3196.725
    },
    {
        "price": "0.59",
        "size": "39.54",
        "side": "buy",
        "local_timestamp": "1765451584618",
        "timestamp": "1765451584495",
        "asset_price": 3196.675
    },
    {
        "price": "0.58",
        "size": "87.293102",
        "side": "buy",
        "local_timestamp": "1765451585068",
        "timestamp": "1765451584943",
        "asset_price": 3196.675
    },
    {
        "price": "0.56",
        "size": "35.22",
        "side": "buy",
        "local_timestamp": "1765451585439",
        "timestamp": "1765451585315",
        "asset_price": 3196.5950000000003
    },
    {
        "price": "0.56",
        "size": "32.333332",
        "side": "buy",
        "local_timestamp": "1765451585774",
        "timestamp": "1765451585648",
        "asset_price": 3196.575
    },
    {
        "price": "0.5",
        "size": "20",
        "side": "buy",
        "local_timestamp": "1765451587952",
        "timestamp": "1765451587827",
        "asset_price": 3196.1949999999997
    },
    {
        "price": "0.51",
        "size": "126.92",
        "side": "buy",
        "local_timestamp": "1765451588002",
        "timestamp": "1765451587878",
        "asset_price": 3196.1949999999997
    },
    {
        "price": "0.52",
        "size": "5",
        "side": "buy",
        "local_timestamp": "1765451588165",
        "timestamp": "1765451588022",
        "asset_price": 3196.1949999999997
    },
    {
        "price": "0.51",
        "size": "5",
        "side": "buy",
        "local_timestamp": "1765451588350",
        "timestamp": "1765451588223",
        "asset_price": 3196.1949999999997
    },
    {
        "price": "0.51",
        "size": "32.627448",
        "side": "buy",
        "local_timestamp": "1765451590123",
        "timestamp": "1765451589993",
        "asset_price": 3196.575
    },
    {
        "price": "0.56",
        "size": "7",
        "side": "buy",
        "local_timestamp": "1765451590154",
        "timestamp": "1765451590030",
        "asset_price": 3196.575
    },
    {
        "price": "0.56",
        "size": "9",
        "side": "buy",
        "local_timestamp": "1765451590177",
        "timestamp": "1765451590053",
        "asset_price": 3196.575
    },
    {
        "price": "0.56",
        "size": "9",
        "side": "buy",
        "local_timestamp": "1765451590180",
        "timestamp": "1765451590057",
        "asset_price": 3196.575
    },
    {
        "price": "0.56",
        "size": "9",
        "side": "buy",
        "local_timestamp": "1765451590195",
        "timestamp": "1765451590071",
        "asset_price": 3196.575
    },
    {
        "price": "0.56",
        "size": "5.089284",
        "side": "buy",
        "local_timestamp": "1765451590824",
        "timestamp": "1765451590700",
        "asset_price": 3196.575
    },
    {
        "price": "0.57",
        "size": "32",
        "side": "buy",
        "local_timestamp": "1765451599739",
        "timestamp": "1765451599615",
        "asset_price": 3196.575
    },
    {
        "price": "0.58",
        "size": "44.155171",
        "side": "buy",
        "local_timestamp": "1765451600135",
        "timestamp": "1765451600011",
        "asset_price": 3196.575
    },
    {
        "price": "0.57",
        "size": "17.543858",
        "side": "buy",
        "local_timestamp": "1765451603603",
        "timestamp": "1765451603474",
        "asset_price": 3196.575
    },
    {
        "price": "0.57",
        "size": "3.14",
        "side": "sell",
        "local_timestamp": "1765451607438",
        "timestamp": "1765451607314",
        "asset_price": 3196.575
    },
    {
        "price": "0.62",
        "size": "32.629031",
        "side": "buy",
        "local_timestamp": "1765451609497",
        "timestamp": "1765451609371",
        "asset_price": 3196.675
    },
    {
        "price": "0.62",
        "size": "46.4",
        "side": "buy",
        "local_timestamp": "1765451610108",
        "timestamp": "1765451609985",
        "asset_price": 3196.755
    },
    {
        "price": "0.62",
        "size": "14.5",
        "side": "sell",
        "local_timestamp": "1765451612783",
        "timestamp": "1765451612655",
        "asset_price": 3196.755
    },
    {
        "price": "0.64",
        "size": "32",
        "side": "sell",
        "local_timestamp": "1765451614409",
        "timestamp": "1765451614285",
        "asset_price": 3196.755
    },
    {
        "price": "0.65",
        "size": "10",
        "side": "buy",
        "local_timestamp": "1765451614525",
        "timestamp": "1765451614401",
        "asset_price": 3196.755
    },
    {
        "price": "0.65",
        "size": "63.2",
        "side": "buy",
        "local_timestamp": "1765451615007",
        "timestamp": "1765451614883",
        "asset_price": 3196.755
    },
    {
        "price": "0.66",
        "size": "300",
        "side": "buy",
        "local_timestamp": "1765451619942",
        "timestamp": "1765451617488",
        "asset_price": 3196.795
    },
    {
        "price": "0.65",
        "size": "5",
        "side": "sell",
        "local_timestamp": "1765451619944",
        "timestamp": "1765451617933",
        "asset_price": 3196.795
    },
    {
        "price": "0.66",
        "size": "7.575755",
        "side": "buy",
        "local_timestamp": "1765451620379",
        "timestamp": "1765451619614",
        "asset_price": 3196.795
    },
    {
        "price": "0.66",
        "size": "8",
        "side": "buy",
        "local_timestamp": "1765451620432",
        "timestamp": "1765451620309",
        "asset_price": 3196.8450000000003
    },
    {
        "price": "0.68",
        "size": "20",
        "side": "buy",
        "local_timestamp": "1765451622726",
        "timestamp": "1765451622600",
        "asset_price": 3196.8450000000003
    },
    {
        "price": "0.69",
        "size": "28.985506",
        "side": "buy",
        "local_timestamp": "1765451625389",
        "timestamp": "1765451625263",
        "asset_price": 3196.895
    },
    {
        "price": "0.72",
        "size": "151",
        "side": "buy",
        "local_timestamp": "1765451628112",
        "timestamp": "1765451627987",
        "asset_price": 3196.9849999999997
    },
    {
        "price": "0.72",
        "size": "238",
        "side": "buy",
        "local_timestamp": "1765451628811",
        "timestamp": "1765451628684",
        "asset_price": 3196.9849999999997
    },
    {
        "price": "0.72",
        "size": "32",
        "side": "sell",
        "local_timestamp": "1765451628848",
        "timestamp": "1765451628722",
        "asset_price": 3196.9849999999997
    },
    {
        "price": "0.72",
        "size": "30.18",
        "side": "sell",
        "local_timestamp": "1765451629338",
        "timestamp": "1765451629214",
        "asset_price": 3196.9849999999997
    },
    {
        "price": "0.72",
        "size": "4.166664",
        "side": "buy",
        "local_timestamp": "1765451629858",
        "timestamp": "1765451629734",
        "asset_price": 3196.9849999999997
    },
    {
        "price": "0.73",
        "size": "5",
        "side": "buy",
        "local_timestamp": "1765451630050",
        "timestamp": "1765451629926",
        "asset_price": 3196.9849999999997
    },
    {
        "price": "0.72",
        "size": "7.57",
        "side": "sell",
        "local_timestamp": "1765451631194",
        "timestamp": "1765451631070",
        "asset_price": 3196.9849999999997
    },
    {
        "price": "0.74",
        "size": "5",
        "side": "sell",
        "local_timestamp": "1765451633803",
        "timestamp": "1765451633679",
        "asset_price": 3196.9849999999997
    },
    {
        "price": "0.72",
        "size": "46.87",
        "side": "sell",
        "local_timestamp": "1765451633935",
        "timestamp": "1765451633808",
        "asset_price": 3196.9849999999997
    },
    {
        "price": "0.73",
        "size": "4.630133",
        "side": "buy",
        "local_timestamp": "1765451635565",
        "timestamp": "1765451635435",
        "asset_price": 3196.9849999999997
    },
    {
        "price": "0.74",
        "size": "32",
        "side": "sell",
        "local_timestamp": "1765451639414",
        "timestamp": "1765451639290",
        "asset_price": 3196.9849999999997
    },
    {
        "price": "0.75",
        "size": "4.933332",
        "side": "buy",
        "local_timestamp": "1765451639488",
        "timestamp": "1765451639361",
        "asset_price": 3196.9849999999997
    },
    {
        "price": "0.72",
        "size": "34.86",
        "side": "buy",
        "local_timestamp": "1765451643902",
        "timestamp": "1765451640808",
        "asset_price": 3196.9849999999997
    },
    {
        "price": "0.74",
        "size": "6.756755",
        "side": "buy",
        "local_timestamp": "1765451643902",
        "timestamp": "1765451640831",
        "asset_price": 3196.9849999999997
    },
    {
        "price": "0.74",
        "size": "15",
        "side": "buy",
        "local_timestamp": "1765451643904",
        "timestamp": "1765451641031",
        "asset_price": 3196.9849999999997
    },
    {
        "price": "0.74",
        "size": "10",
        "side": "sell",
        "local_timestamp": "1765451643905",
        "timestamp": "1765451641432",
        "asset_price": 3196.9849999999997
    },
    {
        "price": "0.74",
        "size": "5.6",
        "side": "sell",
        "local_timestamp": "1765451643905",
        "timestamp": "1765451641439",
        "asset_price": 3196.9849999999997
    },
    {
        "price": "0.73",
        "size": "5.205477",
        "side": "buy",
        "local_timestamp": "1765451643917",
        "timestamp": "1765451641721",
        "asset_price": 3196.9849999999997
    },
    {
        "price": "0.74",
        "size": "6",
        "side": "buy",
        "local_timestamp": "1765451643919",
        "timestamp": "1765451642006",
        "asset_price": 3196.9849999999997
    },
    {
        "price": "0.74",
        "size": "330",
        "side": "buy",
        "local_timestamp": "1765451643927",
        "timestamp": "1765451642312",
        "asset_price": 3196.9849999999997
    },
    {
        "price": "0.75",
        "size": "20",
        "side": "buy",
        "local_timestamp": "1765451643927",
        "timestamp": "1765451642322",
        "asset_price": 3196.9849999999997
    },
    {
        "price": "0.74",
        "size": "7.57",
        "side": "sell",
        "local_timestamp": "1765451647864",
        "timestamp": "1765451647738",
        "asset_price": 3196.9849999999997
    },
    {
        "price": "0.73",
        "size": "20",
        "side": "sell",
        "local_timestamp": "1765451648470",
        "timestamp": "1765451648346",
        "asset_price": 3196.9849999999997
    },
    {
        "price": "0.73",
        "size": "9.82",
        "side": "sell",
        "local_timestamp": "1765451648489",
        "timestamp": "1765451648365",
        "asset_price": 3196.9849999999997
    },
    {
        "price": "0.74",
        "size": "20",
        "side": "sell",
        "local_timestamp": "1765451648880",
        "timestamp": "1765451648757",
        "asset_price": 3196.9849999999997
    },
    {
        "price": "0.75",
        "size": "1.333332",
        "side": "buy",
        "local_timestamp": "1765451648912",
        "timestamp": "1765451648787",
        "asset_price": 3196.9849999999997
    },
    {
        "price": "0.74",
        "size": "22.9",
        "side": "sell",
        "local_timestamp": "1765451649006",
        "timestamp": "1765451648882",
        "asset_price": 3196.9849999999997
    },
    {
        "price": "0.73",
        "size": "304.88",
        "side": "buy",
        "local_timestamp": "1765451650888",
        "timestamp": "1765451650763",
        "asset_price": 3196.9849999999997
    },
    {
        "price": "0.47",
        "size": "10",
        "side": "sell",
        "local_timestamp": "1765451652963",
        "timestamp": "1765451652839",
        "asset_price": 3196.175
    },
    {
        "price": "0.54",
        "size": "60",
        "side": "buy",
        "local_timestamp": "1765451653346",
        "timestamp": "1765451653222",
        "asset_price": 3196.175
    },
    {
        "price": "0.5",
        "size": "10",
        "side": "sell",
        "local_timestamp": "1765451653634",
        "timestamp": "1765451653510",
        "asset_price": 3196.175
    },
    {
        "price": "0.55",
        "size": "1.81818",
        "side": "buy",
        "local_timestamp": "1765451653659",
        "timestamp": "1765451653535",
        "asset_price": 3196.175
    },
    {
        "price": "0.51",
        "size": "10",
        "side": "sell",
        "local_timestamp": "1765451654291",
        "timestamp": "1765451654167",
        "asset_price": 3196.175
    },
    {
        "price": "0.56",
        "size": "1.785713",
        "side": "buy",
        "local_timestamp": "1765451654372",
        "timestamp": "1765451654248",
        "asset_price": 3196.175
    },
    {
        "price": "0.54",
        "size": "1.85185",
        "side": "buy",
        "local_timestamp": "1765451654613",
        "timestamp": "1765451654482",
        "asset_price": 3196.175
    },
    {
        "price": "0.5",
        "size": "10",
        "side": "sell",
        "local_timestamp": "1765451654929",
        "timestamp": "1765451654805",
        "asset_price": 3196.175
    },
    {
        "price": "0.52",
        "size": "8",
        "side": "buy",
        "local_timestamp": "1765451655554",
        "timestamp": "1765451655430",
        "asset_price": 3196.175
    },
    {
        "price": "0.5",
        "size": "10",
        "side": "sell",
        "local_timestamp": "1765451655574",
        "timestamp": "1765451655450",
        "asset_price": 3196.175
    },
    {
        "price": "0.5",
        "size": "10",
        "side": "sell",
        "local_timestamp": "1765451655952",
        "timestamp": "1765451655828",
        "asset_price": 3196.175
    },
    {
        "price": "0.52",
        "size": "10",
        "side": "sell",
        "local_timestamp": "1765451656225",
        "timestamp": "1765451656100",
        "asset_price": 3196.175
    },
    {
        "price": "0.5",
        "size": "10",
        "side": "sell",
        "local_timestamp": "1765451656603",
        "timestamp": "1765451656475",
        "asset_price": 3196.175
    },
    {
        "price": "0.54",
        "size": "5",
        "side": "buy",
        "local_timestamp": "1765451656837",
        "timestamp": "1765451656712",
        "asset_price": 3196.175
    },
    {
        "price": "0.5",
        "size": "10",
        "side": "sell",
        "local_timestamp": "1765451656867",
        "timestamp": "1765451656741",
        "asset_price": 3196.175
    },
    {
        "price": "0.5",
        "size": "10",
        "side": "sell",
        "local_timestamp": "1765451657236",
        "timestamp": "1765451657111",
        "asset_price": 3196.175
    },
    {
        "price": "0.54",
        "size": "5",
        "side": "buy",
        "local_timestamp": "1765451657429",
        "timestamp": "1765451657305",
        "asset_price": 3196.175
    },
    {
        "price": "0.5",
        "size": "10",
        "side": "sell",
        "local_timestamp": "1765451657510",
        "timestamp": "1765451657380",
        "asset_price": 3196.175
    },
    {
        "price": "0.48",
        "size": "10",
        "side": "sell",
        "local_timestamp": "1765451657886",
        "timestamp": "1765451657762",
        "asset_price": 3196.175
    },
    {
        "price": "0.49",
        "size": "5.102039",
        "side": "buy",
        "local_timestamp": "1765451658813",
        "timestamp": "1765451658688",
        "asset_price": 3196.175
    },
    {
        "price": "0.49",
        "size": "30",
        "side": "buy",
        "local_timestamp": "1765451659316",
        "timestamp": "1765451659189",
        "asset_price": 3196.175
    },
    {
        "price": "0.49",
        "size": "10",
        "side": "buy",
        "local_timestamp": "1765451659501",
        "timestamp": "1765451659376",
        "asset_price": 3196.175
    },
    {
        "price": "0.5",
        "size": "5",
        "side": "buy",
        "local_timestamp": "1765451660665",
        "timestamp": "1765451660541",
        "asset_price": 3196.175
    },
    {
        "price": "0.5",
        "size": "5",
        "side": "buy",
        "local_timestamp": "1765451661076",
        "timestamp": "1765451660953",
        "asset_price": 3196.175
    },
    {
        "price": "0.52",
        "size": "387.019621",
        "side": "buy",
        "local_timestamp": "1765451661443",
        "timestamp": "1765451661319",
        "asset_price": 3196.175
    },
    {
        "price": "0.48",
        "size": "16",
        "side": "sell",
        "local_timestamp": "1765451663320",
        "timestamp": "1765451663194",
        "asset_price": 3196.175
    },
    {
        "price": "0.47",
        "size": "57",
        "side": "sell",
        "local_timestamp": "1765451663623",
        "timestamp": "1765451663495",
        "asset_price": 3196.175
    },
    {
